4726 6270
428 523 467 586 72
511 606 516 617 ⁴
963 517 1187 585 Iinuaanus
1212 536 1235 585 a
1258 518 1432 585 Baururtn.

383 727 485 794 actus
511 739 617 815 pares
644 717 789 791 dextms
815 722 898 811 post
923 738 963 790 se
988 715 1160 790 habuisse
1185 715 1337 807 uidetur,
1364 717 1472 815 idque
1498 719 1567 794 hac
1592 742 1633 795 rs
1658 718 1897 812 confirmatur,
1920 725 2016 818 quod

381 841 420 914 in
447 838 614 929 secundo,
642 838 745 933 cujus
770 837 809 911 in
834 837 953 932 priore
978 844 1081 933 parte
1106 837 1259 912 astutim
1286 837 1547 929 continuantur,
1574 838 1700 913 Dauus
1722 848 1806 934 post
1826 839 1917 916 duos
1938 866 2016 918 ucr-

382 982 445 1034 sns
479 959 526 1034 ad
560 960 736 1033 canticum
770 958 924 1054 primum
953 957 1134 1052 agendum
1160 957 1380 1053 aggreditur,
1407 960 1465 1032 cui
1490 959 1630 1033 cantico
1656 959 1766 1034 tibiae
1792 959 1949 1052 dextrae,
1975 964 2014 1039 id

382 1080 476 1178 quod
509 1080 741 1168 ostendimus,
775 1078 963 1152 comitatae
994 1086 1088 1151 sunt.
1141 1077 1186 1152 In
1213 1098 1255 1151 eo
1281 1084 1400 1152 autem
1425 1084 1507 1151 actu
1533 1085 1723 1174 postquam
1749 1079 1919 1155 sinistrae
1943 1084 2014 1178 pri·

380 1224 476 1276 mum
502 1200 645 1274 auditae
672 1199 818 1273 suntin
844 1199 984 1272 cantico
1010 1197 1202 1292 Pamphili,
1228 1197 1353 1271 alteris
1379 1197 1490 1287 tibiis,
1513 1205 1597 1272 actu
1616 1198 1728 1289 finito,
1749 1198 1829 1274 loco
1846 1223 1918 1275 non
1937 1226 2013 1278 ces·

380 1329 514 1411 serunt,
550 1320 716 1416 qvoniam
749 1318 819 1393 hoc
851 1318 946 1392 inter
980 1318 1157 1391 canticum
1191 1324 1228 1390 et
1260 1316 1369 1390 finem
1399 1325 1501 1392 actus
1531 1317 1623 1392 nihil
1652 1319 1845 1394 interuenit
1870 1330 2014 1416 practer

379 1441 595 1537 colloquium
621 1438 788 1536 pertriste
814 1437 995 1534 Pamphili
1021 1445 1057 1512 et
1082 1436 1251 1535 Mysidis,
1278 1459 1464 1532 nouusque
1490 1445 1592 1512 aetus
1619 1460 1642 1511 a
1667 1460 1830 1514 sermone
1853 1463 1924 1515 non
1950 1443 2012 1519 mi·

379 1583 448 1635 nus
474 1560 630 1634 sollicito
657 1558 807 1634 Charini
832 1558 1056 1657 Byrriaeque
1082 1565 1119 1631 et
1143 1555 1323 1652 Pamphili
1348 1557 1486 1654 incipit.
1539 1559 1633 1632 Tum
1658 1581 1745 1635 uero
1770 1558 1855 1636 inde
1880 1563 1926 1637 ab
1946 1563 2011 1637 ini·

378 1682 429 1756 tio
464 1703 594 1756 scenae
630 1686 710 1757 izae
746 1686 814 1753 act.
853 1679 917 1755 3:ii
948 1700 1055 1774 pares
1086 1677 1233 1751 dextrae
1257 1675 1451 1766 redierunt,
1478 1698 1569 1772 quae
1596 1676 1741 1754 eaedem
1767 1691 2011 1757 conuenerunt

377 1802 424 1876 ad
458 1826 492 1874 u.
528 1802 555 1874 f.
588 1804 801 1889 osu-488,
830 1799 875 1873 de
901 1799 1031 1894 quibus
1056 1798 1139 1872 uide
1165 1803 1285 1870 annot.
1313 1798 1472 1892 proxime
1499 1798 1730 1893 superiorem.
1781 1798 1924 1876 Rursus
1948 1825 2009 1878 au·

376 1931 448 1997 tem
483 1943 563 1996 cnm
599 1920 766 1995 sinistras
796 1919 937 1992 cantica
967 1917 1064 1993 Daui
1090 1925 1126 1993 et
1150 1916 1331 2012 Pamphili
1355 1939 1468 2012 prope
1493 1917 1601 1992 tinem
1627 1919 1706 2010 eJus
1731 1927 1834 1993 actus
1859 1921 2009 1996 comites

376 2041 597 2130 habuissent,
626 2063 689 2114 eas
714 2040 823 2113 tibias
848 2045 932 2113 ante
958 2046 1028 2112 act.
1056 2043 1164 2126 dzum,
1189 2037 1292 2132 cujus
1317 2036 1457 2110 initium
1483 2035 1632 2112 Charini
1658 2039 1835 2113 canticum
1860 2048 1927 2130 est,
1959 2041 2009 2116 lo

376 2185 456 2237 cum
491 2168 701 2256 occupatum
736 2159 934 2233 obtinuisse
968 2180 1073 2232 nemo
1106 2179 1179 2231 ncn
1212 2156 1393 2231 concedet.
1448 2155 1521 2233 Sed
1554 2165 1639 2255 post
1671 2158 1832 2234 nltimam
1862 2183 2006 2237 scenam

375 2290 476 2356 actus
502 2280 723 2377 paenultimi,
749 2280 790 2353 in
816 2302 887 2376 qua
912 2279 1088 2353 aduentus
1113 2276 1274 2353 Critonis
1299 2277 1440 2351 felicem
1466 2300 1584 2352 rerum
1606 2280 1761 2353 omnium
1779 2279 1886 2355 finem
1907 2304 2006 2377 prae·

374 2402 524 2492 nuntiat,
560 2423 667 2497 pares
703 2400 848 2474 dextras
883 2398 980 2473 actui
1015 2405 1085 2486 διο,
1117 2397 1179 2471 ubi
1205 2397 1435 2493 catastropha
1460 2397 1577 2474 laetae
1602 2400 1808 2475 comoediae
1833 2402 2005 2497 paulatim

373 2522 583 2618 explicatur,
618 2519 838 2615 praelusisse
872 2526 1151 2592 consentaneum
1183 2525 1289 2612 atque
1322 2526 1455 2591 certum
1482 2524 1549 2592 est.
1602 2517 1705 2593 Haec
1730 2519 1782 2593 ita
1805 2521 1921 2595 iuissc
1947 2545 2005 2596 ne·

373 2641 460 2715 mini
486 2640 688 2714 accuratius
712 2661 789 2712 rem
813 2637 993 2734 reputanti
1019 2636 1222 2732 negandum
1249 2636 1332 2727 erit3
1360 2644 1467 2733 atque
1494 2660 1538 2712 ea
1562 2638 1812 2714 uicissitudine
1837 2640 2005 2715 tibiarum

373 2761 463 2835 satis
498 2782 675 2856 superque
709 2758 799 2832 illud
830 2758 1039 2847 illustratur,
1067 2756 1161 2852 quod
1188 2755 1385 2831 didascalia
1410 2756 1551 2831 habuit:
1588 2753 1705 2834 tibiis
1721 2755 1882 2858 paribus
1907 2760 2004 2857 (dex-

371 2881 439 2956 tris
466 2888 501 2955 et
527 2879 698 2975 sinistris)
725 2883 812 2955 tot.

474 3001 540 3076 VI.
592 2999 788 3099 Hecyra,
818 3005 858 3073 ut
879 2999 955 3094 jam
981 3005 1064 3073 ante
1089 2996 1453 3087 commemoravimus,
1481 3006 1562 3071 acta
1587 3005 1643 3072 est
1668 2998 1754 3073 item
1779 2995 1881 3075 tibiis
1897 2999 2003 3099 pari·

371 3119 440 3196 bus
475 3125 562 3212 tota,
596 3120 703 3215 idque
739 3127 776 3193 et
809 3117 893 3193 libri
926 3118 1092 3192 Bembini
1115 3117 1320 3192 testimonio
1347 3125 1383 3192 et
1409 3116 1713 3214 Calliopianorum
1740 3119 1912 3211 codicum,
1938 3121 2002 3195 ali·

371 3240 513 3335 quando
538 3248 656 3313 tamen
682 3238 765 3335 plus
790 3239 953 3312 minusue
979 3237 1229 3327 aberrantium,
1257 3237 1401 3311 indiciis
1426 3237 1474 3312 ad
1499 3238 1568 3312 hoc
1584 3237 1680 3312 idem
1696 3240 1861 3315 omnibus
1877 3248 2002 3336 aperte

370 3358 582 3433 reuocandis
617 3366 653 3432 et
677 3359 813 3432 Donati
839 3359 959 3433 uerbis
985 3359 1022 3432 in
1049 3363 1124 3433 tota
1149 3358 1211 3448 ita,
1238 3365 1278 3432 ut
1303 3357 1468 3431 Bembini
1493 3357 1587 3449 libri,
1615 3358 1839 3455 corrigendis
1865 3368 1901 3435 et
1926 3383 2001 3436 cor·

368 3479 537 3574 rectis*),
573 3500 683 3574 quare
713 3479 789 3573 jam
823 3479 914 3552 nihil
947 3479 986 3552 in
1019 3477 1089 3551 hoc
1123 3486 1180 3552 est
1213 3477 1373 3572 ambigui
1402 3484 1464 3550 ant
1493 3477 1632 3552 incerti.
1685 3477 1794 3574 Apud
1819 3479 2000 3555 Donatum

369 3600 476 3674 etiam
501 3598 593 3673 illud
619 3598 790 3693 legimus:
824 3594 976 3673 Cantica
1001 3602 1040 3673 et
1062 3594 1227 3673 diverbia
1251 3619 1387 3673 ramma
1414 3595 1451 3672 ia
1477 3593 1548 3673 bac
1564 3598 1699 3693 fauore
1717 3606 1886 3700 succepto
1903 3608 1998 3677 sunt.

469 3719 514 3792 In
547 3717 615 3792 hac
650 3718 833 3792 comoedia
867 3719 904 3792 id
939 3718 1115 3792 canticum
1150 3724 1217 3807 est,
1245 3716 1340 3812 quod
1365 3738 1474 3792 unum
1501 3719 1657 3793 omnium
1682 3719 1721 3792 in
1746 3718 1882 3795 Donati
1907 3743 1999 3797 com·

367 3839 552 3914 mentariis
577 3838 785 3912 nominatim
810 3837 998 3912 indicatur.
1051 3836 1180 3912 Restat
1206 3837 1299 3911 enim
1325 3837 1416 3911 haec
1441 3838 1623 3913 annotatio
1649 3841 1874 3934 grammatici
1894 3842 1941 3916 ad
1962 3865 1996 3915 u.

366 3961 392 4033 f.
422 3965 512 4036 816:
542 3956 697 4056 Reliqua
717 3979 811 4056 para
837 3955 1041 4056 arqumenti
1057 3979 1132 4057 per
1158 3963 1337 4056 μονῳδίαν
1362 3961 1547 4035 narratur.
1594 3957 1675 4033 Hoc
1693 3967 1885 4056 propterca
1902 3961 1997 4036 haud

367 4078 512 4153 dubium
539 4079 728 4167 canticum,
756 4101 800 4151 ex
825 4077 989 4152 iambicis
1016 4076 1230 4172 septenariis
1250 4077 1496 4173 compositum,
1515 4077 1609 4174 quod
1626 4079 1704 4175 agit
1721 4078 1887 4172 Bacchis,
1906 4104 1997 4156 com·

365 4198 571 4295 plectuntur
604 4220 732 4272 uersus
765 4197 910 4272 fabulae
945 4201 1146 4274 ato-840
1180 4198 1297 4291 (actus
1325 4197 1376 4274 izi
1401 4220 1512 4272 scena
1538 4200 1623 4292 3za).
1674 4198 1788 4274 Aliud
1811 4208 1997 4297 praeterea

367 4317 535 4393 Wolffius
561 4318 823 4408 animaduertit,
852 4317 947 4414 quod
971 4318 1067 4391 inest
1091 4317 1130 4390 in
1155 4322 1225 4391 act.
1253 4317 1318 4394 3zii
1343 4340 1395 4392 sc.
1422 4325 1504 4394 azae
1529 4323 1637 4415 (quac
1661 4319 1772 4417 uulgo
1795 4325 1856 4399 3:a
1872 4322 1996 4397 inseri·

364 4438 474 4534 bitur)
500 4463 534 4511 u.
566 4443 687 4514 1-48
716 4440 764 4536 (u.
791 4438 817 4511 i.
847 4440 1074 4532 361-408),
1103 4437 1164 4533 qvi
1191 4445 1275 4511 sunt
1299 4438 1472 4512 trochaici
1498 4440 1703 4535 septenarii
1746 4440 1806 4515 Ad
1825 4464 1899 4517 rem
1917 4465 1995 4539 pro·

364 4559 518 4633 bandam
543 4558 635 4632 nihil
660 4558 723 4632 ille
749 4556 837 4631 dicit
862 4560 911 4655 (p.
939 4559 1015 4653 49),
1043 4557 1114 4631 nisi
1140 4556 1231 4631 satis
1255 4557 1404 4652 longum
1428 4556 1467 4631 id
1488 4557 1632 4654 quidem
1652 4559 1882 4656 soliloquium
1900 4584 1993 4653 esse,

363 4686 404 4753 ut
438 4701 510 4752 non
542 4679 581 4751 in
614 4700 657 4752 eo
682 4677 794 4752 nimia
818 4678 978 4752 brevitas
1003 4676 1170 4769 offendat,
1199 4676 1492 4772 quemadmodum
1515 4678 1555 4753 in
1579 4678 1663 4753 aliis
1688 4681 1899 4775 quibusdam
1925 4705 1994 4757 me·

363 4799 595 4874 ditationibus
629 4798 811 4873 hominnm
844 4797 883 4871 in
916 4797 985 4871 hac
1018 4797 1141 4872 fabula
1175 4819 1296 4872 secum
1329 4796 1614 4894 colloquentium,
1643 4822 1732 4896 quas
1757 4800 1816 4874 uel
1842 4802 1888 4876 ob
1915 4824 1993 4877 cam

465 5074 496 5150 *)
525 5074 569 5133 Ida
598 5075 690 5135 uerba
717 5073 785 5134 uide
812 5090 904 5149 snpra
932 5091 962 5149 p.
991 5077 1041 5134 59.
1086 5072 1222 5134 Ceterum
1244 5071 1311 5134 citr.
1334 5073 1502 5151 Geppcrtns
1524 5093 1553 5152 p.
1577 5078 1744 5137 sou—566
1767 5082 1798 5138 et
1819 5078 1992 5139 Daiatukius

360 5193 391 5251 p.
416 5179 475 5236 576
499 5194 544 5251 sq.
