4726 6270
420 510 461 574 50
759 593 762 600 Ι
941 509 1163 574 Ennianus
1190 527 1212 575 a
1238 508 1411 576 Badrin.

369 707 438 781 mis
473 714 598 781 ornata
633 705 785 781 canticis
814 703 929 800 suit“,
964 706 1009 781 de
1043 707 1101 798 iis,
1138 729 1230 804 qvae
1262 706 1440 804 qvondam
1469 706 1625 782 fuissent
1650 729 1717 782 nec
1738 707 1815 804 jam
1840 706 2006 784 homines

370 835 528 917 nossent,
565 827 708 901 locutus
742 825 893 917 videtur,
928 826 982 901 sic
1013 849 1067 918 ea,
1095 850 1188 924 qvae
1213 827 1251 901 in
1277 826 1541 902 commentariis
1567 826 1614 900 ad
1639 827 1750 917 locos,
1778 827 1841 923 qvi
1865 828 2008 903 cantica

369 947 562 1038 continent,
590 954 761 1021 annotma
785 969 881 1020 nunc
907 947 1087 1043 leguntur,
1115 947 1267 1022 actionis
1293 946 1389 1022 acris
1415 955 1452 1021 et
1476 947 1640 1022 mimicae
1662 947 1877 1024 mentionem
1899 949 2006 1024 inter-

369 1066 453 1141 dum
486 1069 606 1142 lacere
642 1066 759 1141 solent
793 1066 907 1162 (velut
941 1067 988 1140 ad
1022 1067 1134 1142 Andr.
1171 1090 1205 1140 v.
1246 1072 1329 1158 183,
1366 1067 1529 1142 Eunuch.
1567 1091 1600 1141 v.
1639 1072 1712 1145 232
1749 1091 1827 1165 sqq.
1857 1076 1894 1143 et
1920 1072 2006 1160 549,

372 1187 526 1284 Adelph.
556 1212 589 1260 v.
620 1189 720 1282 299),
749 1186 814 1261 sed
839 1186 977 1261 nullum
1003 1187 1135 1262 ibidem
1162 1188 1310 1262 verbum
1337 1188 1381 1262 de
1407 1189 1558 1262 cantico.
1613 1188 1662 1263 Et
1680 1188 1741 1263 ubi
1758 1196 1877 1263 tamen
1895 1189 2009 1265 semel

371 1308 409 1382 in
444 1307 708 1383 commentariis
735 1308 861 1381 relicta
887 1308 1018 1390 mansit
1045 1308 1174 1382 cantici
1200 1307 1261 1382 vel
1285 1306 1473 1382 monodiae
1499 1307 1693 1383 nominatio
1720 1308 1781 1406 (ad
1807 1308 1944 1407 Hecyr.
1972 1332 2006 1382 v.

375 1429 476 1523 816),
503 1434 711 1502 annotatum
738 1435 794 1502 cst
819 1428 867 1502 ad
892 1428 999 1523 hujus
1025 1428 1156 1503 cantici
1181 1450 1325 1502 versum
1351 1426 1530 1501 ultimum:
1565 1426 1671 1521 „Hoc
1697 1448 1740 1503 co
1767 1431 1885 1504 tractu
1910 1428 2010 1505 cocis

372 1555 408 1623 et
443 1570 486 1621 ea
520 1547 795 1643 aeqvanimitate
828 1544 1032 1640 dicendum,
1059 1548 1181 1643 qvali“
1208 1570 1241 1622 e.
1268 1571 1302 1644 q.
1331 1570 1374 1637 s.,
1401 1555 1441 1622 nt
1467 1548 1641 1638 videatur,
1669 1548 1728 1644 qvi
1755 1548 1793 1622 id
1819 1549 2008 1623 consilium

372 1667 481 1757 dedit,
508 1667 779 1742 recitationibus
805 1666 1032 1742 scholasticis
1059 1669 1179 1763 potius
1199 1692 1304 1764 qvam
1322 1667 1391 1742 arti
1409 1667 1614 1742 histrionali
1630 1669 1817 1742 consulere
1835 1668 2005 1760 voluisse,

374 1788 589 1862 canticorum
623 1810 709 1861 vero
744 1787 781 1860 in
814 1810 924 1862 scena
953 1788 1174 1884 agendorum
1200 1788 1350 1864 rationis
1376 1788 1509 1862 veteris
1536 1789 1722 1863 scientiam
1748 1789 1882 1864 nullam
1908 1813 2007 1886 prae·

373 1908 466 1982 beat.
521 1907 599 1982 Nec
633 1906 715 2002 plus
750 1906 794 1981 de
827 1907 999 1982 diverbiis
1026 1907 1166 1982 cantico
1191 1908 1338 1983 insertis
1365 1931 1470 2004 qvam
1497 1908 1541 1983 de
1568 1909 1707 1983 cantico
1733 1916 1847 2000 norat,
1874 1910 1936 2005 qvi
1960 1909 2008 1985 ad

371 2026 679 2101 interlocutionem
710 2025 841 2100 cantici
873 2026 1066 2101 certissimi
1092 2027 1153 2123 (ad
1178 2028 1341 2103 Eunuch.
1370 2052 1403 2101 v.
1433 2027 1523 2125 254)
1548 2029 1642 2104 hanc
1667 2030 1777 2104 stulte
1802 2031 1924 2126 posuit
1947 2054 2007 2106 an·

372 2146 668 2221 notatiunculam:
706 2145 822 2240 „Mire
855 2145 1047 2220 Terentius
1072 2146 1203 2243 longae
1230 2148 1382 2222 orationi
1406 2149 1623 2246 interloqvia
1648 2149 1822 2246 quaedam
1848 2150 2004 2240 adhibet,

371 2273 411 2340 ut
435 2266 621 2340 fastidium
647 2265 864 2362 prolixitatis
891 2265 1038 2340 evitet“.
1091 2265 1183 2343 Oum
1209 2268 1260 2342 ita
1287 2291 1327 2343 se
1353 2268 1509 2343 habeant
1527 2268 1623 2364 apud
1641 2269 1822 2345 Donatum
1842 2293 1895 2361 ea,
1913 2293 2006 2367 qvae

371 2386 418 2460 ad
453 2387 595 2461 cantica
628 2387 791 2476 attinent,
827 2408 955 2475 nonne,
992 2410 1083 2481 qvae
1118 2389 1164 2461 ad
1198 2388 1317 2478 tibias,
1345 2389 1383 2463 in
1410 2388 1534 2462 eadem
1560 2389 1697 2463 ratione
1724 2411 1807 2465 esse
1831 2391 2006 2486 possunt?
2088 2440 2094 2448 -

372 2493 531 2597 Qvorum
566 2506 599 2580 si
634 2505 720 2603 qvid
754 2512 893 2601 pugnat
927 2529 1007 2580 cum
1041 2508 1148 2582 rebus
1182 2509 1367 2584 evidenter
1395 2509 1540 2583 aliunde
1566 2508 1773 2605 exploratis,
1801 2533 1873 2585 non
1899 2511 2006 2586 debet

369 2626 428 2700 his
465 2626 598 2722 opponi
632 2625 768 2701 Donati
801 2627 1006 2718 auctoritas,
1042 2651 1158 2725 neqve
1192 2627 1229 2704 id
1260 2630 1341 2724 ipse
1366 2629 1420 2703 sic
1447 2628 1594 2718 dixisse,
1623 2630 1689 2704 sed
1713 2629 1845 2726 aliqvis
1872 2653 2004 2723 corum,

371 2768 462 2842 qvos
497 2745 760 2820 commentariis
796 2746 875 2841 ejus
905 2747 1141 2841 recoqvendis
1168 2771 1312 2844 operam
1339 2749 1484 2822 dedisse
1510 2748 1682 2839 videmus,
1711 2750 1911 2825 censendus
1936 2759 2003 2827 est.

370 2863 523 2941 Cantica
560 2866 706 2962 singula
739 2865 858 2962 potius
880 2867 956 2962 jam
982 2867 1063 2962 ipse
1088 2868 1253 2943 Donatus
1280 2892 1389 2965 saepe
1415 2869 1640 2964 ignoravisse
1667 2878 1703 2944 ct
1729 2871 1773 2945 dc
1799 2871 1857 2946 his
1883 2872 2006 2946 carmi·

369 2985 475 3061 nibus
502 2986 617 3083 deqve
642 2987 840 3061 rationibus
867 2986 1021 3062 scenicis
1048 3011 1090 3062 eo
1115 2989 1377 3084 pertinentibus
1401 2989 1453 3063 ita
1478 3010 1631 3084 semper,
1659 2997 1698 3064 ut
1718 2989 1762 3064 de
1781 2992 1889 3066 rebus
1906 3014 1929 3065 a
1947 2992 2005 3067 sui

368 3107 540 3202 temporis
575 3130 643 3182 usu
678 3107 818 3198 alienia,
855 3107 995 3183 locutus
1030 3130 1112 3182 esse
1147 3108 1245 3183 credi
1277 3131 1364 3182 sane
1393 3115 1523 3205 potest.
1577 3109 1670 3183 Nam
1697 3109 1837 3184 etiamsi
1862 3111 2005 3186 fabulas

368 3225 586 3301 comicorum
621 3226 789 3322 palliatas
824 3227 946 3302 seculo
981 3236 1107 3324 qvarto
1143 3235 1179 3302 et
1213 3227 1328 3325 qvinti
1357 3229 1459 3303 initio
1489 3230 1552 3325 agi
1577 3230 1733 3303 nondum
1759 3229 1895 3305 desitas
1921 3253 2004 3307 esse

367 3346 574 3420 testimonia
609 3354 752 3421 exstant
764 3346 813 3444 ⁴³),
848 3346 939 3421 haec
970 3348 1064 3421 actio
1090 3355 1210 3422 tamen
1236 3355 1371 3422 mutata
1396 3350 1473 3439 luit,
1502 3359 1538 3425 et
1563 3350 1782 3425 canticorum
1808 3358 1893 3425 tnnc
1918 3352 2003 3426 talis

367 3466 455 3554 lere,
492 3466 610 3562 qvalis
645 3475 841 3541 ceterarum
875 3467 1019 3541 fabulae
1054 3469 1218 3565 partium,
1254 3469 1368 3543 luisse
1404 3470 1546 3544 videtur
1558 3470 1627 3566 ”b
1664 3512 1709 3524 -
1737 3471 1820 3545 Non
1845 3472 2003 3548 fortuitis

366 3593 503 3660 tantum
531 3586 711 3661 erroribus
737 3609 760 3659 a
784 3585 942 3661 librariis
968 3589 1185 3683 perturbata,
1221 3588 1287 3662 sed
1313 3589 1592 3663 correctionibus
1618 3589 1663 3663 dc
1689 3589 1867 3664 industria
1890 3598 2002 3666 tenta·

365 3705 415 3779 tis
441 3713 608 3801 corrupta
632 3705 722 3782 haec
748 3713 842 3796 sunt,
871 3707 915 3781 de
942 3708 1071 3803 qvibus
1097 3731 1191 3782 nunc
1216 3716 1359 3805 agetur;
1388 3709 1450 3783 ubi
1470 3710 1576 3784 ctiam
1595 3709 1681 3784 licet
1697 3710 1886 3805 suspicari,
1910 3734 2002 3808 qvae

367 3847 477 3899 causa
501 3825 609 3901 luerit
635 3833 671 3900 et
698 3826 789 3900 ratio
816 3826 1100 3902 emendationum
1125 3827 1308 3902 falsarum.
1363 3827 1435 3919 Qvi
1462 3829 1556 3903 enim
1582 3828 1672 3903 illud
1693 3828 1737 3903 de
1754 3829 1929 3907 Eunucho
1948 3831 2002 3906 sic

366 3945 538 4040 scriptum
570 3946 728 4042 reliqvit:
770 3947 888 4041 „Acta
912 3957 969 4022 est
994 3991 1046 4004 -
1076 3990 1119 4003 -
1148 3990 1199 4002 -
1225 3947 1429 4022 modulante
1455 3948 1589 4023 Flacco
1616 3948 1761 4025 Claudii
1787 3946 1888 4026 tibiis
1915 3948 2001 4026 dcc·

366 4070 426 4138 tra
459 4070 496 4138 et
524 4062 676 4140 sinistro
702 4062 748 4141 ob
764 4064 958 4164 jocularia
984 4068 1044 4143 acl
1066 4068 1178 4143 multo
1195 4066 1385 4168 permixta
1407 4068 1626 4166 pravitate&
1651 4069 1686 4145 is
1712 4070 1857 4144 dextras
1883 4071 2001 4168 gravi·

364 4190 430 4274 ter,
457 4183 495 4257 id
521 4185 616 4281 qvod
642 4185 737 4260 idem
762 4187 809 4260 ad
834 4186 1021 4284 Adelphos
1046 4187 1229 4279 indicavit,
1258 4197 1294 4263 et
1320 4189 1487 4264 sinistras
1513 4198 1638 4265 contra
1658 4199 1761 4266 acute
1784 4199 1820 4267 et
1839 4191 2000 4268 hilariter

364 4303 532 4380 sonuisse
559 4328 599 4380 sc
626 4315 855 4402 compertum,
883 4309 1006 4383 nescio
1032 4309 1137 4400 unde,
1164 4308 1296 4383 habere
1316 4309 1483 4384 credidit:
1503 4309 1537 4384 is
1554 4309 1666 4404 igitur
1682 4333 1764 4385 cum
1781 4311 1890 4386 tibias
1907 4312 1999 4387 duas

363 4422 508 4498 dextras
543 4423 718 4501 Eunucho
750 4426 860 4503 tribui
885 4428 1049 4525 legisset,
1076 4452 1144 4503 nec
1169 4451 1255 4504 vero
1277 4429 1452 4526 jocularis
1478 4430 1682 4506 comoediae
1708 4431 1801 4507 ratio
1820 4431 1998 4525 judicium

466 4630 498 4710 ⁴*)
530 4632 564 4692 V.
588 4652 624 4694 ea
645 4633 676 4694 in
697 4633 917 4695 Friedlaenderi
939 4635 1170 4713 Duratellucocn
1192 4653 1248 4698 orca
1270 4639 1325 4699 der
1345 4636 1609 4714 Sittcuaerchicbte
1630 4637 1728 4706 Bonas,
1752 4639 1791 4700 11.
1814 4657 1845 4715 p.
1869 4642 1930 4701 306
1949 4639 1997 4701 cd.

364 4739 392 4800 2.
417 4752 486 4795 ann.
513 4740 540 4796 1.

466 4855 516 4932 ⁴⁴)
539 4855 575 4921 V.
598 4875 690 4935 supra
711 4876 742 4934 p.
767 4860 806 4919 23
829 4862 859 4918 ct
880 4857 921 4919 ibi
943 4862 1045 4920 annot.
1061 4863 1090 4920 4.
1134 4859 1208 4922 our.
1224 4877 1296 4920 vero
1311 4859 1400 4921 etiam
1413 4859 1550 4922 Wolffins
1564 4879 1595 4939 p.
1613 4863 1653 4923 20
1668 4879 1726 4940 sq..
1742 4861 1802 4930 ubi,
1817 4863 1909 4924 verba
1921 4863 1998 4925 Dio-

361 4959 462 5031 medis,
493 4976 569 5035 qvae
591 4961 713 5021 suntin
737 4966 868 5021 extrema
889 4967 976 5038 parte
998 4961 1105 5039 capitis
1125 4963 1162 5024 de
1184 4963 1369 5039 poematibus
1390 4982 1419 5041 p.
1443 4967 1504 5025 492
1527 4965 1616 5039 Keil,
1639 4965 1850 5044 interpretans,
1878 4985 1997 5029 comoe-

359 5061 437 5122 diam
459 5061 547 5140 bujus
569 5063 752 5139 grammatici
774 5068 906 5140 tempore
929 5064 988 5136 ,ad
1010 5065 1216 5128 recitationem
1239 5065 1301 5127 fere
1323 5067 1416 5128 solam
1438 5068 1584 5146 relapsam
1607 5085 1683 5137 esse,
1704 5068 1742 5130 ab
1765 5069 1844 5132 omni
1859 5075 1950 5132 cantu
1964 5073 1996 5131 et

359 5166 568 5240 pantomimica
590 5166 818 5243 gesticulatione
841 5167 1071 5237 abalienaw,
1089 5168 1159 5247 jure
1180 5168 1329 5246 opinatur.
