4740 6270
558 523 576 584 6
1098 519 1321 585 dannanus
1348 536 1369 584 a
1396 519 1569 586 Bausta.

517 726 554 794 et
587 717 729 794 dextris
763 722 829 793 aut
860 717 1033 795 sinistris.
1088 714 1256 793 Dextrae
1282 722 1398 793 autem
1427 723 1466 793 et
1492 716 1638 819 Lydiae
1649 720 1671 763 ⁴
1672 727 1693 812 )
1719 742 1788 795 sua
1811 719 1992 817 pronitate
2017 721 2151 799 seriam

517 836 728 915 canroediae
759 835 952 915 dicionem
973 834 1269 938 pronuntiabant.
1324 833 1507 914 Sinistrae
1533 844 1571 914 et
1593 836 1781 916 Serranae
1806 838 1983 915 acuminis
2009 842 2154 919 leuitate

506 960 637 1058 jocum
673 958 710 1033 in
747 956 935 1034 comoedia
971 954 1218 1033 ostendebant.
1278 953 1346 1033 Ubi
1373 961 1491 1034 autem
1518 956 1651 1035 dextra
1678 972 1715 1035 et
1737 958 1889 1036 sinistra
1915 965 1999 1036 acta
2019 961 2153 1056 sabula

519 1076 799 1170 inscribebatur,
834 1076 966 1152 mistim
991 1075 1078 1174 jaci
1111 1081 1149 1151 et
1173 1075 1374 1174 pravitates
1401 1075 1718 1155 denuntiabantur.
1771 1079 2003 1171 Quibuscum,
2032 1090 2070 1155 ut
2096 1105 2154 1178 ap·

518 1200 667 1297 parebit,
695 1199 802 1295 plane
829 1198 1046 1293 conspirant,
1075 1219 1166 1292 qvae
1193 1196 1237 1270 de
1265 1197 1365 1272 sonis
1393 1199 1539 1274 dextrae
1565 1200 1675 1275 tibiae
1702 1207 1738 1274 et
1763 1200 1889 1275 laevae
1916 1200 2058 1298 qviuam
2085 1202 2155 1277 sibi

519 1326 759 1416 persuaserat,
796 1319 855 1414 qvi
892 1317 1173 1413 praefationibus
1209 1316 1344 1391 Donati
1378 1318 1463 1393 olim
1496 1342 1638 1394 manum
1672 1320 1946 1395 emendatricem
1972 1322 2155 1418 imponere

520 1441 590 1515 sibi
617 1439 718 1514 visus
745 1446 810 1513 est.
865 1437 992 1534 Itaqve
1019 1438 1128 1533 longe
1154 1437 1309 1533 plurimi,
1337 1439 1548 1514 auctoritate
1575 1439 1710 1513 Donati
1737 1442 1911 1530 commoti,
1941 1439 2156 1516 salmasium

520 1561 588 1634 hac
615 1582 754 1656 qvoqve
781 1559 819 1631 in
846 1581 885 1632 re
912 1566 948 1632 et
974 1557 1126 1631 antehac
1152 1557 1267 1631 secuti
1294 1566 1378 1632 sunt
1404 1567 1440 1633 et
1460 1558 1566 1635 hodie
1587 1560 1870 1656 seqvunmr”);
1889 1560 2053 1636 nonnulli
2071 1583 2156 1635 vero

521 1679 721 1768 Boeckhio,
750 1679 827 1752 viro
854 1678 997 1767 illustri,
1025 1685 1269 1768 assenserunt,
1299 1678 1360 1774 qvi
1386 1679 1497 1753 verba
1522 1679 1656 1753 Donati
1681 1679 1719 1753 in
1746 1680 1882 1776 scripto
1908 1680 1951 1754 de
1974 1681 2157 1755 comoedia

521 1801 727 1897 perturbato
754 1799 878 1873 ordine
906 1798 1101 1894 depravata
1127 1819 1208 1870 esse
1225 1797 1413 1892 judicavit,
1437 1799 1635 1874 rationibus
1654 1799 1895 1896 compluribus
1913 1800 2156 1876 demonstrare

521 1922 670 1995 studens
680 1920 758 2014 ffl)
786 1919 929 1992 dextras
955 1918 1070 1991 fuisse
1097 1939 1186 1991 sono
1205 1925 1310 1993 acuto
1328 1915 1702 2020 („Discantpia'ten“),
1723 1920 1890 1995 sinistras
1910 1928 2033 1996 contra
2052 1922 2156 2018 gravi

523 2038 843 2141 (messmam).
897 2037 1071 2112 Rationes
1097 2036 1275 2112 Boeckhii
1296 2038 1508 2134 singillatim
1528 2038 1744 2114 refellendas
1761 2061 1875 2135 nuper
1892 2042 2051 2137 suscepit
2069 2040 2157 2115 Wil-

523 2161 708 2235 mannsius
742 2160 782 2256 (l.
820 2182 850 2232 c.
887 2182 923 2255 p.
962 2163 1008 2236 37
1044 2159 1150 2255 sqq.),
1184 2165 1221 2233 et
1245 2160 1407 2254 profecto
1433 2181 1508 2249 eae,
1536 2160 1661 2255 qvales
1688 2167 1782 2248 sunt,
1810 2183 1882 2233 non
1907 2169 2060 2256 possunt
2086 2183 2157 2235 non

523 2280 742 2355 labefactari.
796 2277 846 2353 At
880 2302 977 2370 vero,
1014 2279 1083 2353 etsi
1118 2279 1379 2375 argumentatio
1414 2278 1589 2355 Boeckhii
1621 2303 1789 2376 magnam
1815 2288 1953 2376 partem
1979 2281 2039 2355 rel
2063 2282 2157 2355 falsa

523 2401 581 2476 vel
609 2423 732 2497 parum
759 2398 863 2473 firma
889 2408 955 2490 est,
983 2408 1102 2474 mmen
1129 2400 1307 2475 sententia
1333 2400 1411 2495 ejus
1438 2399 1482 2473 de
1509 2398 1656 2474 duarum
1682 2400 1849 2475 tibiarum
1876 2400 2083 2475 diversitate
2107 2403 2158 2476 ni·

522 2522 598 2596 hilo
624 2522 742 2597 minus
770 2528 825 2595 est
852 2542 948 2610 vera,
976 2543 1090 2616 neqve
1117 2520 1191 2595 ullo
1218 2520 1322 2594 modo
1349 2518 1501 2614 contigit
1527 2518 1767 2595 Wilmannsio
1789 2521 2002 2595 contrariam
2024 2522 2158 2617 opinio·

522 2666 603 2717 nem
630 2641 840 2717 auctoritate
867 2640 1002 2715 Donati
1028 2640 1211 2715 suffultam
1237 2638 1409 2715 stabilire.

626 2761 845 2857 Dijudicatio
880 2760 988 2856 hujus
1022 2760 1244 2856 quaestionis
1280 2783 1351 2835 non
1386 2759 1568 2834 minimum
1603 2759 1727 2834 nititur
1758 2760 1797 2835 in
1823 2761 2060 2857 explicatione
2087 2762 2158 2837 loci

524 2883 701 2959 Varronis
728 2881 772 2955 de
798 2904 837 2956 re
863 2880 1000 2955 rustica
1025 2879 1055 2953 Ι.
1085 2885 1119 2971 2,
1147 2879 1240 2954 unde
1267 2879 1475 2955 Boeckhius
1501 2887 1749 2975 argumentum
1776 2903 1862 2955 suae
1882 2882 2080 2956 sententiae
2099 2905 2159 2978 pe·

524 3004 616 3092 tivit,
645 3003 710 3077 sed
736 3000 1021 3076 commenticium
1046 2999 1224 3096 quoddam
1250 3024 1366 3097 neqve
1391 2999 1440 3091 id,
1469 2999 1563 3098 qvod
1588 3001 1779 3095 petendum
1805 3001 1883 3075 fuit.
1929 3001 2052 3077 Verba
2069 3001 2159 3077 Var-

526 3125 635 3215 ronis,
664 3146 734 3221 qvo
761 3121 953 3196 dilucidius
979 3119 1053 3211 fiat,
1081 3120 1167 3217 qvid
1194 3120 1266 3196 sibi
1291 3121 1414 3211 velint,
1436 3123 1680 3198 exscribamus
1700 3123 1788 3197 haec
1808 3124 1941 3197 omnia:
1970 3121 2088 3214 Uerte,
2108 3121 2158 3196 in·

527 3244 602 3343 quit
625 3240 854 3333 diradanius,
881 3237 987 3316 aliud
1001 3238 1143 3340 pastio,
1169 3244 1207 3314 et
1231 3238 1336 3316 aliud
1359 3240 1598 3340 uaricultura,
1624 3241 1695 3318 sed
1718 3241 1855 3340 affinis,
1884 3250 1922 3318 et
1945 3249 1986 3317 ut
2005 3240 2159 3318 deutera

526 3363 618 3441 tibia
653 3362 729 3440 alia
762 3384 864 3460 quam
890 3359 1055 3453 sinistra,
1082 3359 1135 3436 ita
1160 3365 1343 3437 attamen
1368 3360 1595 3460 sitqrodam
1620 3360 1727 3438 modo
1754 3361 1960 3461 coujrrncta,
1987 3359 2083 3460 quod
2106 3368 2163 3438 est

527 3486 646 3560 altera
680 3481 843 3582 ejusdem
879 3479 1054 3557 carminis
1087 3479 1274 3557 modorum
1310 3480 1501 3574 incentiva,
1532 3482 1649 3559 altera
1674 3483 1890 3558 succentiua.
1944 3479 1997 3557 Et
2019 3479 2159 3580 quidem

528 3604 616 3679 lieet
639 3600 813 3702 adjicias,
840 3600 996 3700 iuquam,
1013 3606 1205 3702 pastorum
1232 3600 1339 3677 uitam
1366 3623 1448 3677 esse
1475 3601 1699 3694 incentivam,
1722 3602 1966 3701 auricularum
1986 3601 2160 3679 succenti-

527 3748 618 3815 uam,
645 3727 795 3798 auctore
821 3719 1030 3798 doctissimo
1057 3718 1201 3798 domiue
1226 3718 1472 3814 Dicaearcho,
1498 3722 1569 3821 pai,
1601 3720 1782 3799 Graeciae
1807 3722 1880 3797 uita
1906 3720 2023 3820 quatis
2043 3721 2164 3817 feeerit

529 3842 575 3920 ab
611 3842 729 3935 initio,
761 3840 867 3919 nobis
900 3839 1069 3935 ostendit,
1095 3847 1137 3917 ut
1158 3840 1410 3942 superioribus
1437 3840 1656 3942 temporibus
1677 3841 1800 3937 fuisse
1826 3841 1966 3933 doceat,
1994 3864 2073 3918 cum
2100 3839 2160 3917 io·

631 4051 663 4126 *)
691 4050 789 4111 Verba
812 4058 840 4111 et
860 4050 975 4127 Lydiae
997 4067 1056 4110 non
1079 4049 1109 4108 in
1132 4049 1267 4109 omnibus
1289 4049 1370 4111 MSS.
1391 4066 1457 4110 esse
1479 4050 1626 4122 dicuntur,
1651 4055 1681 4110 et
1702 4069 1756 4127 pro
1780 4050 1816 4110 iis
1838 4052 1868 4110 in
1893 4051 2022 4112 editione
2045 4050 2162 4110 Klotzi-

507 4175 586 4215 ·aua
608 4155 678 4214 aurii
704 4157 784 4216 1838
808 4155 916 4231 legitur
938 4153 1037 4221 tibiae,
1059 4153 1113 4213 sed
1136 4171 1171 4212 oa
1194 4153 1249 4213 hoc
1271 4154 1336 4214 loco
1359 4157 1459 4214 tuetur
1481 4152 1552 4212 illud
1569 4153 1598 4212 in
1614 4151 1798 4229 praelatione
1814 4153 1923 4214 Donati
1938 4154 1976 4214 ad
1993 4153 2160 4229 Adelphos:

530 4260 688 4319 iliadutata
709 4265 751 4318 cst
773 4256 851 4317 tibiis
874 4258 997 4328 deutris,
1022 4257 1118 4316 idest
1141 4255 1256 4333 lydia.

632 4361 682 4437 ⁸)
714 4361 856 4436 Exempla
885 4365 955 4419 suut
984 4359 1072 4418 etiam
1103 4377 1138 4419 ea
1167 4377 1258 4435 opera
1286 4357 1497 4425 recentissima,
1527 4375 1603 4432 qvae
1633 4359 1816 4434 propositum
1839 4358 1895 4418 sibi
1919 4359 2095 4425 habuerunt,
2120 4365 2161 4423 ut.

529 4483 606 4541 qvae
629 4463 725 4524 doctis
747 4461 1049 4540 pervestigationibus
1072 4462 1227 4538 explorata
1249 4469 1358 4528 essent,
1378 4461 1408 4520 iu
1431 4466 1621 4536 conspectum
1645 4461 1731 4522 docte
1753 4460 1927 4539 proferrent,
1949 4467 1979 4521 et
1993 4461 2083 4537 vulgo
2099 4479 2162 4519 ma·

530 4568 605 4626 rime
628 4567 831 4632 consuluntur,
855 4565 954 4641 qualia
976 4571 1046 4624 sunt
1068 4563 1308 4641 Encyclopaedia
1329 4563 1492 4640 Paulyaua.
1516 4563 1718 4640 Antiquitates
1740 4565 1998 4641 Marqsardtianae
2018 4581 2084 4625 curn
2100 4564 2163 4623 dis-

398 4679 400 4682 ’
530 4668 689 4745 qvisitione
719 4666 940 4727 Friedlaenderi
968 4666 1005 4726 de
1034 4666 1121 4734 ludis,
1150 4665 1249 4726 Guhlii
1277 4671 1306 4726 et
1328 4665 1439 4727 Koueri
1462 4666 1538 4726 liber
1558 4666 1595 4726 de
1617 4667 1678 4727 rita
1701 4666 1881 4729 Graecorum
1904 4674 1934 4728 et
1956 4669 2162 4731 Romanorum.

529 4771 648 4831 Weissii
671 4771 707 4831 de
730 4771 840 4830 vestitu
863 4774 893 4829 et
914 4769 1097 4845 supellectile
1119 4768 1320 4846 aedificiisque
1342 4768 1528 4845 antiquarum
1550 4769 1691 4845 gentium,
1712 4769 1805 4830 statii
1820 4770 2040 4846 Antiqutatum
2055 4771 2163 4830 Roma-

530 4892 634 4935 narum
657 4875 782 4936 lexicon.
804 4874 862 4932 alia
885 4879 918 4932 ut
940 4877 1133 4948 praeteream.

633 4977 702 5050 sss)
733 4977 820 5038 Anno
854 4979 935 5036 1810
964 4974 994 5034 in
1024 4975 1189 5035 Annalibus
1219 4974 1519 5052 Heidelbergensibus
1548 4974 1739 5036 humanitatis
1761 4976 1869 5037 studiis
1891 4976 1997 5036 dicatis
2019 4981 2049 5036 et
2070 4976 2164 5052 partis

531 5099 631 5141 eorum
657 5084 723 5142 ttae
746 5085 825 5140 tomo
848 5079 956 5156 priore,
979 5097 1010 5155 p.
1037 5081 1213 5139 loo—170.
1257 5079 1303 5139 De
1325 5078 1472 5138 sententia
1493 5094 1548 5138 sua
1570 5096 1629 5137 non
1652 5077 1775 5145 destitit,
1799 5078 1851 5139 sed
1871 5078 1993 5139 eandem
2009 5076 2164 5155 profitetur

531 5186 560 5244 in
584 5183 660 5261 Opp.
686 5182 806 5242 Pindari
829 5183 866 5242 Τ.
893 5188 918 5242 1.
943 5183 975 5241 P.
1000 5184 1028 5242 2.
1052 5199 1082 5258 p.
1107 5184 1167 5242 259
1192 5182 1252 5257 (De
1274 5180 1374 5242 metris
1396 5180 1514 5241 Pindari
1537 5180 1588 5240 lib.
1612 5184 1630 5242 3
1653 5201 1719 5258 cap.
1746 5184 1810 5258 11).
