4740 6270
971 518 1175 597 Qoaeettooer
1200 519 1419 588 Terentianae.
1929 526 1967 589 ll

378 724 426 798 sit
451 723 572 813 breve,
600 743 681 797 esse
708 721 908 818 opinamur;
936 742 1006 816 qvo
1032 727 1071 794 ut
1096 719 1224 795 infelix
1250 720 1369 796 exitus
1393 719 1559 794 fallaciae
1585 719 1702 795 adhuc
1727 745 1749 794 a
1774 723 1879 797 Davo
1899 729 2011 796 strue

377 853 435 920 tae
466 842 685 940 agnoscitur,
713 842 765 915 ita
789 841 904 938 primo
931 862 1038 915 versu
1064 840 1323 936 qvodammodo
1349 841 1540 938 respicitur
1565 840 1611 915 ad
1638 848 1796 916 extrema
1824 843 1904 938 eJus
1929 865 2011 917 cau·

376 963 451 1055 tici,
480 962 574 1061 qvod
599 971 682 1037 aute
707 961 834 1037 Davus
859 960 898 1035 iu
924 968 1007 1036 actu
1034 966 1093 1038 220
1120 961 1207 1058 egit,
1234 984 1326 1058 qvae
1346 962 1455 1036 verba
1474 985 1494 1036 c
1512 961 1757 1058 recognitione
1779 961 2010 1039 Fleckeiseni

377 1084 468 1159 haec
493 1089 592 1159 suut:

580 1251 625 1331 Si
648 1252 811 1330 senserit
832 1259 899 1329 auf
919 1259 954 1328 st
977 1275 1084 1352 qaam
1110 1250 1260 1328 latitem
1281 1253 1403 1349 scierit
1425 1276 1572 1329 causam
1599 1255 1751 1354 ceperit,

583 1371 664 1466 Quo
690 1374 773 1450 iare
799 1396 942 1474 quaque
969 1371 1107 1449 inieris
1123 1373 1363 1474 praecpitem
1390 1373 1428 1449 in
1444 1373 1645 1474 pistrinam
1672 1372 1796 1451 dabit!

376 1562 545 1640 Wolffius
571 1564 759 1661 utriusqve
784 1564 823 1638 in
848 1562 920 1637 fine
947 1561 1012 1639 3:11
1036 1569 1140 1636 aetus
1166 1562 1297 1636 cautini
1323 1563 1537 1637 mentionem
1561 1564 1659 1654 facit,
1688 1565 1753 1638 sed
1778 1571 1818 1638 ut
1842 1563 1933 1638 haec
1955 1585 2009 1638 so

373 1683 533 1779 liloqvia,
561 1684 657 1780 qvod
677 1685 778 1780 justo
804 1682 1012 1780 pauciorum
1038 1704 1206 1756 versuum
1232 1683 1316 1773 siut,
1344 1684 1484 1757 cantica
1509 1706 1593 1758 esse
1618 1693 1727 1780 neget
1745 1686 1796 1780 (p.
1816 1686 1892 1777 47).
1935 1681 2009 1757 Sed

374 1814 437 1880 aut
469 1805 508 1878 iu
539 1804 662 1878 multis
688 1805 896 1893 erravimus,
924 1810 985 1877 aut
1011 1824 1121 1897 saepe
1146 1801 1242 1898 apud
1268 1802 1476 1907 Terentium
1502 1804 1719 1877 canticorum
1745 1804 1904 1878 brevitas
1929 1825 2008 1898 pro

344 1925 570 2021 piuqvitate
604 1925 755 1999 aliorum
790 1922 965 2019 ejusmodi
1001 1923 1197 1997 carminum
1232 1922 1434 2018 suppletum
1463 1931 1499 1997 et
1524 1931 1713 2018 propterea
1737 1923 1807 1997 hoc
1831 1924 1911 1998 loco
1937 1922 2008 1998 duo

372 2045 483 2118 arctis
517 2045 648 2119 finibus
681 2045 961 2139 circumscripta,
993 2043 1099 2116 modo
1125 2042 1264 2116 duobus
1291 2050 1409 2116 autem
1434 2043 1600 2116 versibus
1627 2044 1800 2138 sejuncta,
1815 2043 1897 2117 'hac
1923 2043 2008 2117 vici·

371 2164 484 2239 nitate
519 2172 774 2254 sustentantur,
810 2172 1059 2261 praeterquam
1093 2163 1189 2258 qvod
1223 2162 1262 2237 iu
1295 2163 1409 2258 primo
1435 2162 1539 2237 initio
1565 2171 1666 2237 actus
1692 2164 1743 2239 4ιί
1768 2173 1853 2259 post
1877 2186 2006 2237 novem

372 2307 500 2359 versus
535 2285 719 2381 seqventis
753 2285 855 2374 illud,
892 2285 938 2358 de
972 2305 1045 2380 qvo
1073 2289 1157 2356 aute
1183 2281 1350 2372 diximus,
1376 2282 1533 2379 positum
1559 2293 1615 2357 est
1641 2285 1817 2357 canticum
1843 2283 2005 2359 Charini.

373 2403 413 2479 Si
440 2405 522 2502 qvis
547 2406 659 2502 igitur
684 2405 816 2479 viderit
841 2427 923 2479 esse
948 2405 986 2478 in
1012 2429 1046 2480 v.
1073 2405 1099 2477 f.
1130 2406 1331 2480 599-604
1359 2403 1547 2493 cauticum,
1575 2404 1613 2476 iu
1640 2428 1674 2478 v.
1703 2411 1776 2480 605
1804 2413 1841 2477 et
1860 2409 1934 2481 606
1955 2402 2005 2476 di·

371 2525 543 2614 verbium,
578 2526 618 2600 iu
651 2549 686 2598 v.
724 2530 925 2603 ool-615
957 2524 1135 2598 cauticum
1161 2544 1242 2597 cum
1268 2522 1429 2597 diverbio
1455 2524 1646 2613 modulato,
1674 2525 1713 2597 iu
1738 2548 1771 2597 v.
1802 2529 2003 2600 olo-624

371 2644 581 2735 diverbium,
617 2643 772 2741 deniqve
805 2644 844 2717 iu
878 2667 913 2717 v.
950 2648 1148 2721 625-641
1184 2643 1373 2732 cauticum,
1400 2643 1495 2717 idem
1522 2644 1555 2717 si
1580 2654 1767 2739 praeterea
1792 2643 2003 2732 meminerit,

372 2772 408 2837 et
433 2787 524 2860 qvae
551 2764 595 2837 de
622 2786 731 2837 scena
758 2769 818 2838 aa
843 2771 945 2837 actus
973 2763 1035 2839 3:ii
1063 2785 1172 2858 supra
1199 2762 1415 2852 dictasunt,
1450 2771 1486 2837 et
1512 2786 1603 2859 qvae
1630 2765 1674 2837 de
1701 2772 1782 2838 actu
1812 2770 1869 2838 220
1897 2763 2006 2859 expli·

370 2884 542 2974 cavimus,
578 2884 633 2957 sic
667 2885 808 2959 demum
840 2883 984 2979 plenius
1019 2882 1241 2978 cognoverit,
1278 2882 1364 2979 qvid
1398 2882 1469 2957 sibi
1502 2884 1591 2957 velit
1623 2884 1713 2958 illud
1738 2884 1884 2973 Donati,
1912 2883 2005 2956 hauc

370 3025 452 3079 esse
481 3004 640 3079 fabulam
667 3001 843 3080 divertite
869 3008 907 3078 et
930 3001 1083 3078 canticis
1109 2998 1232 3102 lepide
1258 2998 1474 3077 distinctam.
1528 3002 1751 3100 Qvamqvam
1778 3028 1823 3079 ue
1849 3005 1903 3078 sic
1931 3004 2004 3098 qvi-

370 3123 451 3198 dem
477 3147 551 3198 rem
578 3132 689 3199 totam
714 3123 950 3220 perspexerit.
1003 3122 1096 3196 Nam
1122 3121 1318 3196 verisimile
1344 3129 1411 3213 est,
1440 3124 1509 3198 etsi
1534 3124 1638 3220 plura
1657 3149 1728 3200 uon
1749 3134 1834 3198 suut
1852 3124 2002 3212 cantica,

369 3245 474 3340 plura
500 3267 582 3320 esse
607 3245 646 3319 iu
671 3245 740 3318 bac
766 3244 951 3319 comoedia
976 3241 1148 3331 diverbia,
1177 3264 1268 3337 qvae
1294 3242 1341 3316 ad
1367 3243 1474 3317 tibias
1500 3245 1681 3319 modulata
1699 3246 1848 3335 fuerint,
1868 3251 1904 3318 et
1921 3266 2002 3318 esse

369 3386 457 3439 saue
481 3372 611 3461 potest,
639 3372 679 3439 ut
703 3366 870 3440 Donatus
896 3363 1003 3438 etiam
1029 3361 1066 3435 iu
1092 3361 1161 3434 hac
1186 3363 1408 3458 praefatione
1435 3361 1599 3440 diverbia
1625 3363 1755 3439 dixerit
1775 3389 1847 3439 uon
1865 3388 1908 3439 ea
1926 3386 2003 3437 seu·

368 3484 482 3558 tentia
506 3484 679 3580 generali,
707 3485 746 3558 in
772 3509 878 3582 qvam
903 3482 1119 3580 accepimus,
1147 3482 1212 3555 sed
1239 3482 1452 3578 singillatim
1477 3484 1575 3574 talia,
1597 3509 1688 3582 qvae
1709 3485 1914 3584 rhythmica
1931 3507 2001 3557 mo·

369 3603 550 3678 dulatioue
575 3604 621 3678 ad
647 3604 756 3679 tibias
781 3603 1008 3700 pronuntiata
1034 3602 1118 3676 siut.
1171 3599 1302 3691 Qvalia
1328 3603 1492 3698 inprimis
1518 3604 1556 3677 in
1582 3614 1664 3679 actu
1690 3606 1823 3701 qviuto,
1852 3605 1911 3678 cui
1931 3627 2001 3678 uou

369 3731 426 3798 est
452 3725 639 3814 canticum,
667 3747 736 3821 qvo
762 3725 898 3819 majore
923 3746 1007 3797 cum
1030 3744 1161 3819 pompa
1180 3721 1298 3796 exitus
1314 3722 1458 3798 fabulae
1476 3724 1721 3816 adduceretur,
1741 3725 1902 3799 adhibita
1920 3746 2001 3797 esse

368 3844 528 3940 proclive
563 3845 746 3940 suspicatu
780 3851 847 3919 est.
902 3842 978 3918 Sed
1010 3842 1163 3917 molesta
1196 3847 1232 3916 et
1265 3841 1390 3917 odiosa
1420 3844 1459 3917 in
1484 3845 1592 3919 rebus
1618 3845 1765 3920 incertis
1792 3845 2000 3941 qvacstioue

368 3964 643 4060 supersedemus
656 3966 703 4061 l*).
735 4007 780 4018 -
808 3963 945 4040 Contra
969 3971 1053 4060 post
1078 3962 1169 4036 haec
1194 3961 1396 4057 dijudicare
1418 3986 1490 4038 uon
1507 3972 1563 4039 est
1580 3964 1739 4058 difficile,
1759 3973 1859 4041 utrae
1878 3966 1997 4052 tibiae,

368 4106 474 4180 pares
500 4083 649 4159 dextrae
673 4109 720 4159 au
746 4086 925 4176 sinistrae,
952 4085 1047 4158 iuter
1072 4090 1175 4158 actus
1201 4082 1408 4159 cecinerint.
1460 4083 1504 4158 Iu
1529 4085 1644 4180 primo
1671 4093 1753 4160 actu
1778 4085 1870 4160 nihil
1891 4084 2001 4158 couti·

367 4213 472 4279 uetur
496 4205 611 4298 triste,
639 4206 704 4281 sed
730 4229 847 4281 sermo
874 4204 1018 4281 subtilis
1045 4211 1081 4278 et
1106 4202 1321 4300 perelegans
1349 4202 1505 4278 Simonis
1532 4211 1567 4279 et
1589 4203 1726 4297 Sosiae,
1748 4228 1896 4302 qvorum
1915 4205 1999 4279 huic

367 4325 430 4401 ille
463 4349 581 4401 rerum
616 4334 749 4401 statum
783 4333 925 4402 enarrat
959 4333 996 4401 et
1025 4323 1196 4400 callidum
1222 4346 1327 4400 suum
1352 4324 1534 4400 inventum
1560 4327 1737 4423 proponit
1790 4325 1863 4404 Hic
1888 4327 2000 4421 igitur

692 4483 774 4492 ——-

469 4567 502 4643 ⁴⁸)
531 4567 640 4628 Verum
669 4572 767 4628 tamen
796 4568 827 4628 iu
852 4575 910 4630 act.
942 4568 993 4629 aii
1022 4585 1059 4628 ea
1079 4584 1177 4637 scena,
1201 4582 1278 4642 qvae
1299 4567 1483 4627 numeranda
1505 4573 1551 4628 est
1574 4570 1642 4635 aa,
1656 4568 1701 4644 (iu
1723 4568 1868 4630 versibus.
1881 4566 2002 4628 fabulae

366 4671 561 4746 481-488),
585 4669 748 4730 diverbium
771 4670 975 4748 hujmcemodi
997 4671 1096 4747 arguit
1118 4669 1248 4729 varietas
1270 4671 1365 4736 metri,
1389 4670 1418 4730 in
1438 4688 1495 4747 qvo
1512 4673 1832 4748 qvattuortetramctri
1847 4670 1997 4733 bacchiaci

365 4776 615 4846 praetermorem
639 4772 747 4833 insunt.
792 4773 827 4832 In
849 4773 943 4833 lucem
965 4773 1052 4834 modo
1075 4772 1187 4833 editum
1210 4787 1278 4834 esse
1300 4790 1424 4849 puerum
1446 4774 1598 4850 Pamphilo
1622 4774 1712 4834 tibiae
1734 4775 1829 4834 laetae
1846 4792 1902 4834 avo
1918 4774 1997 4834 iuvi-

364 4874 479 4933 tissimo
501 4879 532 4933 et
553 4875 688 4934 nuntium
710 4875 861 4951 respuenti
881 4875 1059 4936 cecinerunt.
1103 4874 1191 4935 Brevi
1212 4881 1311 4936 autem
1332 4876 1458 4936 Lesbiae
1480 4877 2006 4954 commorationi·apud'puerperam,.

366 4976 403 5036 de
432 4993 492 5052 qva
520 4995 552 5036 re
579 4995 608 5036 v.
632 4995 724 5054 supra
745 4996 775 5054 p.
799 4983 850 5046 44,
873 4979 962 5055 paulo
984 4979 1080 5056 majus
1102 4980 1242 5055 temporis
1264 4980 1393 5056 spatium
1416 4980 1600 5048 conciliatur,
1630 4981 1655 5040 si
1678 4987 1826 5057 putemus.
1850 4982 1997 5041 manenti-

364 5079 430 5147 bus,
454 5085 487 5139 ut
508 5084 636 5148 manent,
658 5081 690 5140 iu
712 5099 802 5142 scena
823 5080 941 5143 Simone
961 5089 993 5142 et
1015 5082 1099 5143 Davo
1123 5083 1176 5157 (ne
1197 5088 1283 5143 actos
1304 5082 1406 5144 finitus
1429 5083 1785 5161 videretur),tibias,jam
1801 5092 1871 5149 aute
1886 5084 2008 5147 exitumr

363 5181 491 5243 Lesbiae
513 5200 619 5244 canere
641 5184 784 5260 coepisse.
