4726 6270
472 534 514 599 84
1009 533 1231 601 Ennianus
1255 551 1278 600 s
1304 532 1478 600 Beonan

428 731 556 805 tiomm
589 737 787 826 tempomm
823 732 1066 807 enarrationes
1097 753 1222 808 omnes
1254 754 1328 822 eas,
1356 752 1446 827 qvas
1472 730 1568 823 novi,
1595 752 1871 808 commemorare
1897 753 2061 831 superse

428 850 495 925 deo
508 851 554 946 *).
608 850 702 924 Nam
733 850 794 925 hio
825 852 938 942 locus,
966 860 1005 927 nt
1030 875 1125 927 nunc
1151 860 1217 943 est,
1244 874 1316 926 non
1342 859 1462 947 potest
1486 851 1616 927 idoneo
1641 860 1677 927 et
1702 852 1748 926 ad
1773 852 2060 949 peravadondum

427 979 511 1068 apto
537 971 642 1046 modo
669 970 852 1067 explicari.
904 971 1051 1047 Excidit
1076 970 1170 1047 enim
1195 995 1267 1047 vox
1292 979 1378 1060 tota,
1404 971 1512 1068 idqve
1538 971 1600 1062 ita,
1627 980 1667 1048 ut
1687 995 1945 1070 saepenumero
1963 974 2059 1049 idem

426 1091 559 1165 factum
586 1090 706 1165 estin
731 1091 913 1181 Terentio,
941 1092 1038 1188 apud
1064 1115 1169 1188 qvem
1193 1100 1335 1188 poetam
1361 1092 1499 1166 librarii
1525 1092 1662 1188 antiqvi
1688 1115 1796 1189 saepe
1822 1116 1931 1169 voces
1955 1095 2059 1169 itera

426 1219 483 1285 tas
509 1219 572 1285 aut
596 1211 892 1308 praecedentibus
918 1212 976 1286 vel
1003 1211 1235 1307 aeqventibus
1261 1211 1398 1286 similes
1423 1212 1697 1308 praeterierunt:
1725 1213 1824 1288 velut
1845 1214 1884 1288 in
1901 1213 2058 1312 Adelph.

427 1356 460 1404 v.
491 1336 580 1408 687:
616 1329 701 1408 Jom
727 1329 769 1406 td
785 1336 976 1430 peccatam
994 1332 1153 1431 pn'mum
1179 1355 1359 1430 mapsam,
1384 1353 1613 1429 mappam,
1640 1337 1682 1407 ot
1702 1329 1895 1409 humanda:
1921 1340 2060 1423 tamem

426 1450 464 1524 in
499 1449 641 1523 Phorm.
675 1473 710 1523 v.
746 1454 835 1527 643:
878 1449 947 1525 Ge.
991 1446 1109 1541 Ouid?
1133 1451 1278 1525 azinium
1305 1455 1481 1549 quantam.
1523 1449 1591 1527 Oh.
1636 1447 1887 1542 Qodntum?
1913 1451 1995 1543 dic,-
2019 1454 2060 1528 in

427 1568 556 1644 Heaut.
592 1594 626 1643 v.
659 1574 728 1647 168
758 1592 829 1666 sq:
864 1566 1089 1668 Miseretque
1113 1593 1170 1645 mc
1196 1570 1296 1668 ejos;
1323 1568 1395 1645 sid
1418 1575 1460 1644 ut
1482 1568 1562 1646 diei
1584 1572 1724 1669 tempas
1749 1576 1816 1665 est,
1842 1569 2063 1673 Tempsis!

426 1711 573 1764 monere
597 1711 654 1764 me
679 1685 774 1764 baino
799 1687 953 1764 cicinum
980 1686 1184 1778 Phaniam·
1209 1691 1248 1764 in
1273 1689 1409 1789 Hecyr.
1438 1713 1473 1763 v.
1501 1697 1591 1768 206:
1631 1690 1697 1765 La.
1734 1688 1789 1767 Tu
1813 1691 1963 1768 nisae?
1996 1690 2058 1768 So.

427 1806 623 1902 Nescio,
648 1813 699 1883 tta
723 1830 781 1883 me
807 1806 847 1883 di
872 1814 1003 1902 ament,
1029 1808 1081 1883 mi
1103 1806 1269 1898 Laudem
1302 1810 1341 1884 in
1367 1811 1504 1908 Hecyr.
1532 1835 1566 1883 v.
1595 1815 1681 1887 201:
1709 1807 1840 1910 Itnqoe
1865 1809 1960 1888 (ideo
1987 1833 2059 1889 uno

427 1929 546 2005 animo
578 1931 703 2004 omnes
733 1950 863 2005 soctan
896 1928 1044 2005 omnio
1072 1952 1186 2004 suas
1217 1926 1374 2005 oderent
1395 1952 1528 2018 nursia
1555 1931 1593 2004 in
1619 1930 1783 2005 Eunuch.
1811 1953 1845 2004 r.
1874 1935 1966 2009 968:
1993 1927 2059 2007 Dt'·

427 2071 506 2125 cam
539 2046 624 2124 duic
659 2073 706 2124 an
741 2071 813 2125 non
848 2047 1027 2125 dicam?
1058 2047 1177 2125 dicam
1208 2047 1350 2137 dercle;
1376 2049 1415 2124 in
1441 2049 1595 2146 Adelph.
1624 2074 1657 2124 V.
1688 2056 1748 2128 37:
1784 2048 1860 2126 nat
1882 2049 2063 2127 adcidert‘t

426 2168 589 2266 aliqua
616 2168 755 2267 :itque
780 2165 921 2267 aliquid
937 2168 1211 2267 praesrdperit:
1233 2171 1298 2243 cfr.
1322 2168 1406 2244 edit.
1429 2169 1671 2245 Fleckeiseni.
1712 2170 1933 2245 Praemoneo
1951 2170 2059 2245 etiam

426 2290 470 2362 de
496 2289 697 2363 indubitata
721 2287 851 2380 malus,
877 2288 1179 2379 natanaelem:
1205 2291 1397 2364 formarum
1423 2291 1710 2386 pronuntiatione
1736 2290 1832 2386 apud
1852 2299 1979 2388 poetas
2000 2313 2059 2365 ve·

425 2409 655 2499 tustissimos,
693 2409 808 2482 sicubi
843 2430 933 2504 opus
968 2415 1033 2498 est,
1065 2410 1317 2508 monosyllaba
1329 2411 1397 2505 W),
1435 2433 1526 2507 qvae
1560 2411 1598 2484 in
1629 2433 1737 2485 versu
1763 2411 1926 2487 Terentii
1950 2433 2058 2485 unam

425 2530 605 2628 syllabam
631 2528 739 2625 adjici
765 2528 909 2624 patitur.
962 2528 1088 2624 Itaqve
1113 2529 1209 2604 hunc
1235 2553 1377 2605 versum
1396 2530 1455 2605 ita
1481 2531 1741 2606 constituerim:

425 2715 505 2793 GE.
549 2713 685 2793 Videtis
711 2722 747 2792 te
772 2738 918 2815 acque
943 2723 1047 2816 atqve
1073 2718 1187 2812 illam,
1213 2720 1255 2793 :it
1277 2741 1423 2796 narras.
1463 2719 1543 2794 PH.
1584 2716 1673 2794 Iin
1698 2695 1832 2795 mdlcim
1858 2740 2013 2796 cracem.

424 2887 534 2965 Clara
564 2889 676 2964 oritur
703 2889 889 2965 sententia.
943 2888 1066 2990 Aeque
1091 2891 1184 2967 enim
1211 2900 1353 2989 spectat
1378 2891 1423 2966 ad
1449 2913 1702 2988 praegressum
1729 2890 1908 2991 optimum.
1962 2889 2058 2968 Geta

525 3115 558 3189 *)
580 3115 635 3176 Ex.
659 3134 684 3176 o.
707 3132 907 3193 proponamus
929 3113 1005 3175 hano
1026 3115 1188 3194 Ladewigii
1214 3116 1396 3193 (‚‚Beitrdpc
1415 3132 1470 3177 zur
1488 3116 1587 3176 Kritilc
1602 3118 1654 3177 dea
1670 3116 1853 3181 Terentius“.
1869 3133 2057 3193 programma

423 3218 681 3285 Neostrelioiense,
704 3219 750 3278 ed.
774 3237 801 3279 a.
828 3221 920 3286 1858,
943 3235 973 3294 p.
1000 3222 1068 3295 17):
1098 3220 1136 3280 In
1156 3222 1213 3281 den
1242 3221 1364 3280 Worten
1386 3220 1439 3279 des
1463 3219 1538 3279 Geta
1558 3220 1627 3279 sebe
1645 3220 1695 3280 iob
1716 3219 1802 3279 einen
1824 3218 2057 3296 beabticbtipten

423 3321 617 3395 lloppobinm
638 3321 679 3404 je
706 3323 853 3383 naobdem
881 3323 1012 3383 naaliel:
1040 3324 1097 3382 doc
1125 3325 1206 3383 illam
1233 3325 1296 3397 aas
1311 3324 1369 3382 den
1391 3322 1485 3398 Stilpo
1506 3324 1580 3382 oder
1602 3323 1665 3397 aas
1678 3323 1737 3382 den
1758 3322 1900 3398 Demipho
1924 3322 2056 3400 bezopcn

421 3425 504 3493 ννὶνᾶ,
529 3426 663 3485 erbalten
686 3427 735 3486 die
762 3426 863 3487 Worte
883 3442 966 3501 ponz
989 3427 1197 3487 vmscbiedene
1218 3427 1404 3500 Bedeutunp.
1449 3425 1615 3500 Aofjenen
1632 3424 1773 3499 bezopen,
1789 3425 1904 3486 daiam
1917 3427 1976 3487 aie:
1990 3443 2056 3486 ver·

420 3528 535 3601 pleicbe
562 3545 622 3588 nur
648 3530 717 3588 dieb
743 3530 775 3588 in
797 3530 901 3589 deinter
923 3527 1153 3604 Schleobtipkeit
1173 3531 1224 3588 mit
1246 3530 1301 3589 der
1321 3529 1494 3603 pertinen
1523 3528 1774 3603 Vortresliicblceit
1785 3527 1893 3607 scaea·
1915 3529 1978 3604 auf
1993 3530 2056 3590 die·

420 3646 473 3689 cett
503 3629 591 3692 abor:
618 3632 713 3691 solinu
742 3632 812 3691 dieb
840 3633 905 3691 und
928 3632 980 3691 ibn
1002 3631 1050 3692 bei
1071 3633 1178 3692 deinen
1205 3632 1327 3691 Wortcn
1349 3647 1399 3706 an,
1422 3648 1454 3691 so
1478 3632 1549 3691 dass
1574 3631 1648 3691 Geta
1668 3633 1750 3691 aeine
1770 3631 1890 3692 blenda
1910 3631 1986 3692 iiber
2007 3632 2056 3694 die

422 3732 587 3801 Frecbbeit
615 3735 668 3795 mit
696 3735 751 3794 der
779 3735 897 3796 Pborta.
927 3736 999 3810 dipl,
1028 3735 1094 3794 und
1119 3733 1194 3794 tiber
1212 3736 1269 3795 dar
1290 3734 1426 3794 Stauncn
1449 3736 1501 3795 dee
1522 3735 1617 3802 Dcm„
1640 3736 1696 3794 der
1716 3735 1818 3795 cainan
1843 3733 1943 3796 Obren
1964 3736 2056 3796 kanna

421 3840 528 3894 tranen
549 3836 615 3905 mill,
641 3836 815 3910 ammaoni.
839 3868 881 3882 -
902 3835 937 3897 In
960 3835 1164 3896 Germanicum
1186 3837 1278 3897 verba
1300 3836 1432 3896 Terentii
1455 3836 1602 3896 convertit
1623 3834 1780 3912 Bent'ejus:
1803 3836 1937 3912 „Betiti
1956 3838 2055 3899 εἰοΙιεν

420 3953 461 3996 on
481 3938 533 3996 ibn
556 3940 620 3998 ιιηᾶ
640 3939 709 3998 dieb
730 3946 819 4004 ow,
847 3938 876 3998 in
899 3939 1101 4007 annotatione,
1124 3939 1154 3998 in
1177 3956 1236 4015 qva
1258 3939 1346 3999 etiam
1368 3940 1450 3999 vides
1471 3957 1526 4015 pro
1546 3941 1649 3999 videm
1670 3938 1728 4015 legi
1751 3956 1783 3999 se
1805 3940 1882 3999 velle
1903 3940 1955 4008 ait,
1977 3939 2054 4001 hanc

419 4038 691 4115 interpretationem
714 4041 757 4102 ita
779 4041 945 4118 explicans:
973 4043 1081 4112 „Naob
1102 4043 1209 4103 deinoi:
1231 4044 1354 4116 eipenen
1382 4041 1504 4102 Worten
1524 4041 1578 4118 [ut
1597 4040 1730 4118 nanda]
1750 4042 1841 4103 aiebat
1861 4044 1903 4103 du
1923 4059 1983 4103 ma
2002 4044 2053 4104 idn

418 4143 482 4202 and
503 4143 608 4222 dicb“,·
629 4145 682 4202 mit
703 4145 819 4204 cadon
848 4143 986 4206 Wortcn:
1008 4161 1064 4220 „er
1084 4161 1155 4219 cnop
1177 4145 1265 4205 leiobt
1286 4143 1386 4204 baeer
1407 4146 1453 4203 ab
1475 4146 1516 4204 du
1535 4160 1667 4218 pavesco
1687 4160 1772 4220 sepa,
1794 4143 1869 4206 aber
1888 4145 2052 4206 sobleebter

418 4246 464 4303 ab
479 4244 574 4319 jeder
596 4247 728 4307 Ande&
772 4248 952 4309 Beiaaender
972 4248 1084 4309 donate
1105 4264 1139 4309 er
1160 4248 1238 4308 roob!
1255 4247 1339 4307 aicit
1357 4254 1412 4322 put
1432 4247 1527 4307 Beide
1548 4247 1685 4322 aupleiob
1707 4246 1881 4323 beleidipen.
1904 4278 1947 4293 -
1968 4247 2052 4308 Don-

417 4365 507 4407 nerns
529 4366 600 4409 vero
623 4349 789 4424 germaniae
811 4349 953 4410 reddidit:
977 4350 1088 4426 „Gaas
1110 4353 1183 4418 also,
1206 4351 1260 4410 :nie
1282 4351 1323 4410 du
1343 4348 1478 4409 selber!“
1516 4347 1572 4422 Qvi
1595 4366 1656 4407 rem
1679 4367 1734 4410 acu
1756 4367 1850 4426 prope
1871 4349 1980 4427 tetigit,
2003 4354 2051 4411 ta-

416 4450 503 4509 metsi
525 4450 555 4509 in
578 4451 820 4514 annotationibus
844 4452 916 4513 nihil
939 4453 976 4513 de
998 4452 1141 4512 mutanda
1162 4452 1218 4512 hoo
1240 4453 1305 4512 loco
1328 4451 1477 4527 scriptura
1492 4451 1576 4518 dicit:
1596 4451 1842 4527 quemadmodum
1857 4453 1945 4514 etlam
1960 4451 2051 4514 stau·

415 4553 551 4613 baumius
573 4553 762 4630 aliqvatenus
784 4556 823 4616 ad
844 4573 945 4616 veram
967 4556 1024 4616 loci
1047 4557 1223 4616 sententiam
1246 4555 1476 4631 appropinquat,
1507 4555 1556 4614 ubi
1578 4554 1706 4632 Bentleji
1729 4555 1901 4633 conjectura
1921 4573 2050 4617 comme·

415 4662 530 4714 morata
550 4656 649 4717 addit:
674 4658 805 4729 „Vereor
826 4663 861 4719 ut
883 4658 1042 4734 qvidqvam
1064 4657 1237 4719 mutandum
1258 4657 1307 4717 sit.
1351 4657 1490 4717 Phormio
1510 4675 1575 4717 oum
1591 4657 1716 4718 dixisset
1731 4674 1812 4733 quern
1826 4659 1958 4725 aderint,
1975 4657 2050 4720 Geta

414 4757 479 4834 ejus
507 4758 661 4819 mendacia
686 4759 782 4820 facete
806 4760 1009 4837 exagitaturns
1033 4761 1205 4836 respondet:
1235 4762 1332 4822 Possit
1353 4762 1415 4835 qvis
1436 4768 1465 4822 te
1487 4768 1574 4836 atquc
1594 4763 1675 4822 illum
1697 4776 1830 4831 canae,
1846 4763 1955 4837 prouti
1975 4779 2049 4824 aar·

413 4876 481 4920 raa:
510 4859 539 4918 h.
570 4879 596 4919 e.
623 4860 698 4922 adeo
721 4863 855 4938 speciose
878 4862 1042 4922 mentiris.“
1085 4862 1269 4940 Quamquam
1294 4863 1366 4923 nihil
1388 4869 1573 4940 potestesse
1597 4865 1690 4942 magis
1712 4864 1829 4932 falsum,
1852 4881 1940 4942 qvam
1961 4865 2048 4927 simul

414 4963 443 5020 in
465 4963 568 5023 videas
590 4962 627 5023 de
649 4964 783 5040 subjecto
806 4962 958 5024 indefinito
979 4970 1009 5024 et
1030 4965 1060 5026 in
1084 4970 1112 5026 te
1132 4965 1170 5026 de
1192 4965 1378 5027 Phormiouis
1398 4985 1527 5044 persona
1550 4969 1693 5046 cogitare.

515 5083 565 5159 aa)
587 5083 624 5144 V.
647 5083 798 5144 Ritschelii
821 5085 1033 5161 Prolegomena
1055 5085 1193 5146 Plautina
1208 5104 1237 5163 p.
1254 5085 1358 5146 cxun
1373 5103 1440 5163 sqq.
1456 5092 1486 5148 et
1501 5087 1651 5149 Corssenii
1665 5076 1770 5160 „Uber
1784 5089 1834 5150 die
1848 5088 2046 5167 Auaapracda

420 5186 602 5247 coloramus
623 5189 688 5248 und
710 5189 868 5264 Betonanp
890 5190 946 5249 der
967 5188 1174 5250 Lateinircben
1194 5189 1352 5266 Sprocbe‘·
1373 5189 1413 5248 11.
1435 5205 1466 5266 p.
1491 5191 1550 5251 105
1573 5206 1641 5268 sqq.
