4726 6270
955 533 1160 611 Quaestiones
1186 535 1402 600 Terentianae.
1490 574 1493 579 <
1918 534 1958 600 25

360 739 492 812 Notum
521 743 578 810 eet
604 735 831 825 canticorum,
860 757 952 829 qvae
978 757 1063 809 vere
1090 743 1184 825 sunt,
1212 734 1374 831 partibus
1400 733 1615 829 interposita
1641 755 1750 829 saepe
1777 749 1858 809 esse
1888 734 2001 809 diver·

360 859 421 933 bia
455 857 590 945 brevia,
627 878 717 951 qvae
752 854 913 928 dicentes
938 855 1027 929 fecit
1052 863 1160 950 poeta
1184 854 1358 943 homines,
1386 855 1448 950 qvi
1473 855 1512 927 in
1538 877 1649 928 scena
1674 854 1805 929 adsunt
1831 865 1867 929 et
1893 856 2002 929 caruti-

361 1001 441 1052 cum
468 976 626 1065 audiunt,
655 975 720 1049 aed
747 975 793 1049 ab
820 997 874 1065 eo,
903 975 964 1070 qvi
990 974 1059 1049 hoc
1086 975 1174 1070 agit,
1202 983 1392 1070 antequam
1419 997 1563 1049 carmen
1588 973 1727 1048 finitum
1755 985 1820 1064 eet,
1860 999 1926 1051 nec
1953 977 2002 1049 vi·

362 1098 490 1172 dentur
515 1119 583 1170 nec
608 1095 811 1185 audiuntur,
840 1103 876 1169 et
901 1095 992 1169 haec
1019 1096 1129 1169 verba
1153 1095 1273 1169 aliena
1298 1095 1450 1168 canticis
1477 1095 1666 1190 interjecta
1693 1097 1849 1190 spectari
1871 1097 1908 1170 in
1930 1095 2002 1169 fine

361 1218 468 1313 hujus
495 1217 565 1291 loci
592 1216 780 1290 Diomedia
806 1219 856 1311 (p.
882 1220 968 1291 491.
997 1216 1079 1310 K.):
1111 1212 1287 1291 Diacrbio
1311 1222 1398 1291 rant
1411 1222 1544 1315 parler
1567 1213 1849 1307 comoediarum,
1870 1217 1907 1291 in
1930 1216 2002 1315 qoi-

362 1336 431 1412 bns
465 1334 689 1411 diuersorum
719 1357 905 1435 personae
939 1341 1144 1423 uersantem
1170 1358 1360 1434 personae
1395 1342 1515 1410 uatem
1549 1334 1792 1411 eliocrbr'orum
1819 1342 1884 1410 aul
1908 1334 2004 1410 dnae

363 1463 428 1531 ant
452 1461 526 1530 tres
553 1461 619 1530 out
641 1477 729 1530 raro
757 1461 924 1553 quattuor
949 1476 1032 1529 esse
1059 1452 1204 1544 debent
1232 1457 1329 1531 ultro
1355 1478 1493 1552 arrpcrc
1518 1478 1703 1530 nnmerum
1726 1455 1912 1531 nonlicet.
1955 1453 2002 1530 In

363 1575 517 1651 camaris
543 1582 662 1650 uatem
690 1599 763 1650 ano
790 1581 925 1649 lantum
952 1573 1061 1650 debet
1085 1597 1167 1650 csse
1188 1597 1363 1675 persona,
1391 1582 1466 1666 aut,
1493 1575 1528 1651 si
1555 1574 1652 1650 duae
1673 1575 1829 1670 fecerim,
1851 1575 1903 1650 ila
1924 1598 2005 1651 esse

363 1694 505 1787 debent,
532 1702 573 1769 ut
597 1717 645 1769 cx
671 1695 812 1771 occulto
839 1718 913 1770 una
939 1692 1071 1769 audiat
1094 1717 1162 1769 uec
1188 1697 1424 1793 conloquatur
1450 1699 1546 1792 (cum
1573 1720 1626 1784 co,
1656 1720 1768 1792 aqva
1786 1697 1907 1792 agitur
1924 1720 2004 1771 can·

362 1817 497 1910 ticum),
533 1812 604 1890 scd
634 1836 767 1905 secum,
803 1814 839 1889 si
874 1837 965 1914 opus
995 1813 1127 1909 fucrit,
1153 1814 1264 1891 cerba
1285 1815 1425 1910 sociat:
1453 1839 1523 1912 qvo
1550 1817 1640 1904 loco,
1670 1825 1709 1890 ut
1736 1816 1905 1890 Wolffiue
1928 1818 2004 1912 jam

363 1936 453 2009 dixit
488 1940 537 2031 (p.
579 1937 651 2030 ll),
684 1936 817 2009 oblitus
851 1944 906 2009 est
931 1934 1065 2009 addere
1092 1937 1346 2030 grammaticus
1373 1959 1445 2009 non
1471 1936 1576 2011 modo
1603 1959 1711 2010 unum
1739 1937 1868 2010 adesse
1896 1960 2004 2032 posse

363 2066 398 2129 et
425 2079 548 2130 eccum
575 2055 684 2151 loqvi,
712 2056 795 2130 dum
822 2055 1000 2129 canticum
1027 2056 1282 2146 intermittitur,
1311 2057 1376 2130 sed
1400 2057 1506 2130 etiam
1525 2057 1621 2130 haud
1641 2080 1722 2131 raro
1741 2057 1831 2144 fieri,
1855 2064 1894 2131 ut
1912 2058 2005 2132 duae

364 2199 540 2272 personae
575 2176 723 2249 audiant
757 2183 792 2248 et
817 2175 912 2249 inter
938 2198 977 2248 se
1005 2174 1263 2272 colloquantur.
1316 2177 1401 2252 dam
1429 2186 1468 2251 ut
1494 2200 1536 2251 co
1563 2178 1697 2266 redeat,
1726 2178 1819 2250 unde
1848 2178 2003 2266 deflexit,

364 2297 489 2385 oratio,
517 2296 608 2370 haec
634 2296 740 2370 unius
767 2304 829 2369 aut
855 2295 1011 2391 plurium
1037 2296 1132 2368 inter
1158 2297 1288 2370 cantici
1315 2307 1437 2393 partes
1463 2298 1604 2394 prolata
1629 2298 1750 2387 verba,
1775 2340 1819 2350 -
1843 2320 1944 2392 qvae,
1966 2306 2006 2371 ut

363 2440 446 2491 mox
473 2417 691 2506 ostendetur,
720 2438 784 2490 seu
811 2415 965 2512 plurium
993 2424 1077 2489 sunt
1103 2438 1168 2489 eeu
1194 2418 1311 2506 unius,
1339 2425 1437 2490 recte
1464 2417 1662 2491 diverbium
1688 2416 1926 2513 appellantur,
1955 2459 2005 2472 -

364 2538 410 2610 ad
437 2536 561 2611 modos
587 2537 754 2610 tibiarum
781 2537 1011 2632 pronuntiata
1037 2558 1119 2610 esee
1145 2538 1318 2625 erinnem,
1347 2538 1408 2611 ubi
1427 2537 1567 2611 cantica
1587 2538 1749 2612 Terentii
1767 2538 2002 2633 perlustrabo.

364 2657 469 2748 Qvod
505 2657 537 2730 ei
572 2665 669 2731 certo
705 2656 993 2752 comprobabitur
1027 2657 1198 2731 usitatum
1230 2657 1354 2746 fuisse,
1384 2664 1423 2731 ut
1447 2657 1486 2730 in
1512 2658 1570 2732 his
1598 2659 1769 2733 diverbiis
1796 2659 1906 2732 tibiae
1933 2681 2003 2732 non

364 2780 523 2866 silerent,
560 2778 685 2873 qvidni
719 2777 912 2852 cecinerint
947 2777 1055 2850 etiam
1089 2776 1127 2850 in
1160 2777 1243 2850 aliis
1269 2777 1462 2873 aliqvando
1487 2779 1671 2867 diverbia,
1700 2779 1888 2853 dummodo
1914 2778 2004 2852 haec

363 2898 499 2994 insigni
530 2897 682 2993 qvadam
709 2897 878 2971 dictionis
904 2898 1090 2971 alacritate
1117 2905 1179 2970 aut
1205 2897 1431 2972 vehementia
1454 2899 1610 2973 fuerint?
1660 2900 1703 2973 In
1733 2899 1858 2974 Sticho
1884 2899 2004 2972 Plauti

363 3019 564 3114 exemplum
593 3026 710 3092 exstat
736 3025 820 3115 (act.
850 3025 872 3094 5
901 3041 951 3091 sc.
981 3024 1016 3108 l,
1046 3019 1084 3114 5)
1111 3016 1263 3092 adhibiti
1289 3018 1327 3091 in
1355 3018 1528 3091 diverbiie
1555 3019 1715 3093 tibicinis
1723 3048 1732 3109 ;
1766 3019 1909 3092 tametsi
1936 3019 2004 3092 hae

363 3139 505 3234 qvidem
533 3161 662 3212 scenae
690 3162 792 3212 suum
819 3139 986 3233 quiddam
1013 3137 1197 3233 proprium
1223 3138 1368 3226 habent,
1396 3137 1433 3210 in
1462 3138 1590 3234 qvibus
1617 3137 1663 3211 ad
1690 3138 1913 3212 convivalem
1934 3138 2004 3212 lae·

362 3260 477 3332 titiam
514 3260 832 3333 concelebrandam
867 3259 1011 3347 tibicen,
1049 3258 1109 3354 qvi
1144 3257 1253 3353 hujus
1287 3258 1431 3332 fabulae
1458 3267 1545 3346 erat,
1573 3259 1781 3333 nominatim
1807 3260 2005 3333 advocatus

363 3389 399 3453 et
424 3380 478 3453 sic
505 3379 599 3453 inter
624 3402 798 3476 personas
825 3379 970 3453 fabulae
997 3387 1163 3474 receptus
1190 3379 1248 3452 sit.
1305 3377 1377 3452 Sed
1404 3378 1622 3474 persvadent
1649 3379 1692 3451 de
1720 3402 1773 3470 eo,
1795 3379 1888 3475 qvod
1909 3402 2004 3453 nunc

363 3500 555 3595 qvaeritur‚
592 3502 789 3596 permultae
825 3522 955 3574 scenae
981 3499 1182 3589 Plautinae,
1211 3499 1247 3572 in
1275 3499 1404 3594 qvibus
1431 3506 1544 3572 metro
1571 3498 1699 3572 melico
1726 3499 2003 3596 colloqventium

363 3643 480 3694 sermo
516 3621 689 3716 procedit.
742 3621 844 3695 Haec
878 3629 961 3695 sunt
991 3620 1056 3694 illa
1081 3620 1119 3692 iu
1146 3620 1275 3693 Plauto
1303 3619 1475 3708 diverbia,
1504 3642 1596 3715 qvae
1623 3642 1702 3692 cum
1729 3618 1819 3692 nihil
1845 3644 1868 3693 a
1894 3621 2004 3694 canti·

363 3740 416 3814 cis
452 3742 596 3831 distent,
634 3743 666 3815 ai
702 3750 851 3816 metrum
888 3764 1008 3815 eorum
1043 3749 1196 3837 spectes,
1231 3740 1394 3813 nonnulli
1421 3740 1468 3813 iis
1495 3741 1602 3813 etiam
1628 3762 1757 3814 nomen
1784 3741 2002 3814 canticorum

363 3863 465 3955 quasi
492 3862 609 3936 coacti
633 3862 964 3958 impertiverunt*)‚
992 3862 1076 3936 dum
1103 3861 1245 3935 cantica
1271 3883 1412 3956 semper
1439 3867 1619 3959 μονῳδίας
1646 3883 1726 3934 esse
1753 3861 1811 3934 vel
1839 3860 2004 3935 dubitant

364 3982 419 4055 vel
446 3991 591 4079 negant.
646 3984 757 4079 Atqvi
784 4006 827 4057 ea
852 3982 961 4079 huJus
988 3982 1041 4057 rei
1068 3981 1273 4078 explicatio,
1302 4003 1406 4078 qvam
1430 3981 1505 4076 jam
1526 3981 1789 4076 proposuimus,
1811 4004 1926 4078 neqve
1946 4005 2003 4056 ve·

362 4276 427 4318 rum
450 4261 550 4334 spatia
572 4261 702 4330 definiri.
725 4275 818 4333 raeque
840 4257 923 4319 breui
944 4257 1108 4319 mentorem
1131 4265 1185 4318 out
1206 4260 1298 4331 lampa
1320 4258 1495 4331 lonpiorem
1524 4271 1609 4330 mam
1631 4263 1745 4315 natura
1767 4258 1798 4316 r'n
1819 4255 2003 4333 syllabarum
2090 4326 2100 4346 .

363 4363 566 4423 mandatione
587 4363 725 4437 protulit.
750 4378 839 4437 posce
865 4364 994 4436 aliquam
1016 4363 1152 4436 reperiri.
1198 4362 1248 4420 Ad
1267 4361 1343 4420 baec
1364 4359 1482 4422 Musici.
1507 4361 1553 4434 poi
1577 4367 1738 4435 temporam
1760 4359 1887 4420 arbitrio
1907 4362 2002 4436 syllo-

362 4464 416 4525 bus
443 4467 625 4526 committunt
653 4467 685 4525 in
712 4466 887 4540 rhythmicis
915 4463 1166 4525 modulationibus
1196 4471 1249 4524 aut
1276 4464 1382 4539 lyricis
1410 4461 1609 4528 contionibus,
1628 4480 1686 4539 per
1707 4466 1864 4524 monitum
1885 4466 2002 4540 lonoiae

362 4576 500 4628 calcatae
517 4570 775 4644 pronuntialionis
796 4576 857 4628 lom
878 4570 975 4643 lomois
994 4569 1154 4641 lonpiores.
1186 4583 1272 4642 quam
1293 4583 1400 4626 rursus
1414 4583 1475 4642 per
1497 4568 1714 4642 correptionem
1736 4565 1886 4628 breuiores
1906 4566 2001 4628 breui·

362 4669 424 4732 bus.
441 4673 614 4746 proferunt.

462 4790 496 4866 .*)
526 4789 574 4851 Sic
602 4792 699 4861 etiam.
729 4793 810 4869 qvod
833 4813 877 4853 ex.
903 4812 927 4854 c.
951 4807 1222 4856 commemoramus.
1242 4789 1426 4849 Fritzschius
1449 4789 1478 4848 in
1501 4793 1721 4866 programmate
1743 4787 1949 4849 Rostochiensi
1972 4805 1999 4847 a.

364 4894 443 4950 1861
474 4893 527 4967 (de
557 4895 719 4954 Trinummi
748 4915 777 4956 v.
808 4900 992 4974 naa-300)
1023 4903 1054 4957 et
1083 4897 1148 4972 ipse
1176 4892 1365 4957 Ritschelius.
1396 4909 1528 4952 summus
1557 4891 1618 4952 dux
1640 4892 1805 4953 studiorum
1829 4890 1866 4949 ad
1888 4889 2001 4968 potuim

360 4995 558 5056 Romanorum
588 4997 734 5057 scenicam
764 5000 983 5075 pertinentium,
1006 5001 1035 5058 in
1058 4997 1286 5077 programmatis
1309 4995 1518 5054 Bonnensibus
1540 5014 1567 5054 a.
1595 4997 1675 5055 1850
1698 5000 1728 5055 et
1753 4995 1834 5053 1858
1856 4992 1909 5067 (de
1930 5011 2000 5070 per·

360 5114 499 5157 sonarum
529 5099 696 5160 nominibus
726 5101 902 5176 quibusdam
931 5103 961 5162 in
991 5102 1093 5162 Sticho
1123 5107 1153 5161 ct
1184 5099 1220 5158 de
1248 5097 1373 5156 Poennli
1400 5114 1429 5154 v.
1454 5099 1637 5170 ill-262)
1661 5103 1691 5157 et
1713 5098 1743 5156 in
1766 5096 2000 5172 Prolegomcnon

361 5201 498 5261 editionis
521 5202 676 5262 Plautinae
697 5206 796 5280 eapite
817 5204 923 5264 Xlllll.

1827 5313 1847 5369 4
