4726 6270
407 521 448 583 32
948 514 1170 580 Ennianus
1197 533 1219 579 a
1246 513 1418 579 Bsuuas.

364 718 443 805 erit,
472 726 508 790 et
533 714 636 811 qvasi
663 713 859 788 verisimile
886 713 934 787 sit
962 753 1003 764 -
1032 712 1199 807 qvoniam
1225 713 1263 785 in
1290 720 1414 808 aperto
1442 720 1499 786 est
1520 711 1645 786 modos
1665 711 1772 787 nnius
1791 721 1827 786 et
1845 712 2005 808 ejusdem

364 837 494 912 cantici
521 835 650 909 mutani
676 834 804 908 solitos
831 833 903 907 dici
934 874 976 886 —
1006 832 1168 927 abjectas
1194 857 1218 906 a
1243 832 1391 907 tibicine
1417 832 1525 906 tibias
1552 840 1588 906 et
1607 853 1721 906 novas
1738 832 1777 906 in
1796 832 1913 908 medio
1932 856 2007 907 car·

363 959 458 1032 mine
485 962 648 1050 sumptas
675 976 769 1027 esse.
824 953 969 1048 Negare
996 951 1111 1025 noluit
1137 953 1313 1039 Donatus,
1348 959 1411 1026 aut
1436 953 1598 1049 qvisqvis
1623 952 1714 1026 haec
1739 960 1824 1049 post
1849 976 1930 1028 eum
1956 962 2006 1028 ta·

363 1078 412 1151 lia
439 1075 568 1163 effecit,
597 1073 719 1170 qvalia
744 1096 839 1146 nuno
866 1080 962 1161 sunt,
991 1094 1053 1145 eas
1080 1072 1199 1161 tibias,
1228 1096 1318 1170 qvas
1344 1072 1522 1169 Adelphis
1549 1095 1631 1147 esse
1658 1073 1865 1170 scripserat,
1893 1096 2007 1171 usqve

363 1219 504 1293 qvoqve
530 1195 614 1268 huic
639 1194 784 1268 fabulae
810 1217 903 1280 esse,
932 1192 1064 1288 quippe
1091 1215 1172 1267 cum
1199 1193 1318 1267 nullas
1344 1194 1436 1266 alias
1463 1202 1728 1283 commemoret3
1751 1193 1785 1267 is
1807 1216 1893 1268 vero
1912 1203 2007 1291 post·

362 1341 468 1413 qvam
503 1315 633 1390 seriam
666 1314 844 1409 quandam
880 1313 1022 1387 dicendi
1057 1314 1272 1407 gravitatem
1305 1314 1475 1388 Terentio
1502 1313 1645 1387 omnino
1672 1312 1853 1409 placuisse
1879 1336 2007 1388 memo·

363 1437 467 1521 ravit,
496 1435 628 1509 addere
656 1433 780 1516 voluit,
809 1433 847 1508 in
874 1433 919 1505 iis
946 1455 1086 1527 qvoqve
1113 1434 1234 1507 verbis
1261 1456 1333 1506 non
1359 1433 1474 1507 solum
1501 1431 1700 1529 Adelphos,
1724 1434 1790 1508 sed
1808 1434 2008 1530 generatim

361 1556 505 1631 fabulas
532 1553 771 1629 Terentianus
799 1560 978 1647 spectans,
1007 1551 1191 1626 modorum
1219 1552 1361 1649 quidem
1388 1553 1426 1626 in
1451 1553 1602 1627 canticis
1628 1553 1853 1648 gravitatem,
1880 1555 1926 1628 ab
1952 1576 2006 1643 eo,

363 1679 424 1773 qvi
460 1675 585 1749 modos
619 1674 765 1759 fecerat,
803 1695 868 1768 pro
904 1695 942 1746 re
978 1680 1064 1746 nata
1096 1682 1316 1769 usurpatam,
1351 1674 1396 1747 ab
1423 1673 1548 1748 eodem
1576 1695 1686 1768 saepe
1712 1674 1885 1748 variatam
1912 1697 2006 1763 esse,

363 1799 471 1895 idqve
498 1797 535 1869 in
563 1795 667 1870 libris
694 1794 876 1868 veteribus
904 1815 990 1867 cura
1015 1801 1144 1889 poetae
1171 1793 1266 1867 notis
1293 1793 1478 1889 designari
1498 1793 1591 1867 hanc
1608 1817 1684 1868 rem
1705 1793 2005 1889 significantibus.

363 1919 444 1992 Hoc
479 1918 516 1991 in
552 1915 759 1989 universum
795 1913 839 1987 de
871 1912 1067 1986 comoediis
1094 1913 1257 1987 Terentii
1282 1913 1438 2010 intelligi
1466 1915 1677 2010 scriptorem
1704 1914 1864 1989 voluisse
1889 1937 2007 1988 rerum

363 2036 538 2132 exemplis
573 2033 748 2108 firmaturi
782 2054 922 2118 sumus3
961 2032 1025 2106 sed
1054 2032 1129 2128 jam
1161 2056 1257 2107 nuno
1281 2042 1433 2129 apparet
1459 2034 1627 2108 vitiosum
1655 2056 1737 2108 esse
1763 2034 1869 2108 illud:
1896 2055 2009 2134 coepe

363 2165 481 2234 tumen
516 2154 664 2231 mutatis
693 2175 936 2253 pruscorum
962 2151 1082 2227 modis
1108 2152 1252 2228 euodes
1277 2153 1444 2241 mutavi&
1471 2154 1529 2229 his
1556 2154 1650 2228 enim
1678 2155 1799 2228 verbis
1825 2161 1932 2250 poeta
1958 2154 2006 2227 di-

363 2287 504 2353 ceretur
529 2275 702 2350 orationis
729 2294 846 2368 genus
872 2271 1070 2346 mutavisse
1095 2295 1162 2368 pro
1188 2273 1445 2348 mutationibus
1471 2274 1656 2348 modorum
1675 2275 1721 2348 ab
1740 2274 1867 2348 horum
1887 2275 2008 2348 inven-

363 2408 438 2473 tore
467 2395 694 2491 excogitatis,
724 2392 818 2488 qvod
844 2393 1128 2466 contrafactum
1155 2415 1236 2467 esse
1263 2394 1493 2491 perspicuum
1512 2402 1568 2469 est
1580 2394 1628 2488 l').
1669 2393 1840 2469 Mendum
1858 2417 1938 2468 cum
1955 2395 2008 2468 ita

362 2521 476 2616 primo
503 2523 730 2590 correcturus
758 2534 891 2585 essem:
920 2534 1032 2611 coepe
1052 2519 1170 2587 tumen
1189 2518 1344 2589 mutulos
1356 2536 1428 2612 per
1444 2535 1590 2589 coenum
1608 2511 1736 2589 modos
1754 2513 1891 2590 canori
1907 2521 2007 2590 nutu·

362 2639 423 2729 uit,
456 2659 539 2710 mox
566 2634 680 2709 satius
708 2633 794 2707 duxi
820 2640 957 2706 tantum
983 2631 1146 2707 ultimum
1173 2635 1320 2708 verbum
1347 2635 1402 2708 sic
1429 2635 1629 2724 emendare,
1658 2658 1681 2708 a
1707 2635 1838 2709 ceteris
1864 2658 2007 2709 manum

362 2758 554 2832 abstinere.
609 2755 702 2827 Nam
737 2753 888 2827 ablativi
923 2774 1005 2827 esse
1033 2762 1186 2848 possunt
1213 2754 1397 2850 qualitatis
1424 2763 1461 2828 et
1486 2754 1546 2828 hio
1572 2763 1608 2829 et
1634 2755 1696 2829 ubi
1721 2756 1758 2828 in
1787 2756 2006 2851 praefatione

362 2878 408 2951 ad
435 2875 648 2949 Eunuchum
675 2872 846 2968 legimus:
876 2873 1021 2948 cantica
1046 2885 1159 2973 turpe
1183 2873 1330 2949 mutatis
1356 2871 1474 2949 modis
1501 2872 1666 2950 exhibita
1690 2880 1792 2962 ruut;
1820 2897 1929 2973 qvare
1955 2876 2006 2971 ip-

363 3023 439 3073 sam
465 2998 616 3070 formam
643 2994 909 3080 vocabulorum,
938 3016 1086 3089 qvorum
1114 3001 1217 3067 notas
1245 2995 1410 3090 subjecit,
1434 2995 1689 3090 grammaticus
1708 2996 1747 3069 in
1767 2996 2012 3092 explicatione.

363 3117 570 3193 servavisse
596 3115 748 3203 videtur,
776 3113 836 3187 hic
862 3121 980 3188 tamen
1007 3114 1103 3193 inter
1128 3136 1172 3188 ea
1197 3115 1440 3211 interponens,
1470 3115 1502 3189 si
1528 3116 1633 3190 modo
1660 3116 1698 3190 id
1720 3116 1800 3212 ipse
1819 3116 1919 3190 feeit:
1932 3139 2007 3215 per

361 3235 520 3328 seruum,
555 3237 578 3311 i.
618 3259 649 3309 e.
685 3235 722 3308 in
751 3258 822 3308 una
849 3234 1043 3330 eademque
1070 3257 1190 3324 scena,
1219 3235 1313 3310 sicut
1338 3235 1452 3309 altero
1479 3235 1569 3325 loco,
1598 3236 1659 3332 qvi
1685 3236 1791 3309 valde
1818 3243 2006 3331 corruptus

363 3368 434 3433 est:
463 3379 586 3457 saepe.
639 3355 689 3428 Et
716 3355 894 3451 qvoniam,
923 3363 963 3428 ut
988 3377 1055 3429 nos
1082 3355 1186 3430 docet
1212 3356 1256 3444 is,
1284 3355 1346 3451 qvi
1373 3355 1451 3429 sine
1479 3355 1587 3430 dubio
1614 3357 1694 3452 ipse
1721 3356 1821 3443 vidit,
1844 3356 1882 3429 in
1901 3356 2006 3430 libris

361 3480 514 3554 vetustis
549 3477 780 3552 Terentianis
814 3475 919 3549 initio
954 3497 1084 3566 scenae
1118 3476 1270 3550 indicari
1296 3475 1446 3565 solebat,
1475 3476 1508 3549 si
1535 3477 1629 3573 qvod
1656 3477 1833 3551 canticum
1859 3477 2005 3550 mutatis

361 3600 477 3676 modis
503 3600 542 3672 in
569 3621 613 3673 ea
639 3620 749 3671 scena
776 3595 1034 3683 continebatur,
1063 3619 1131 3670 nec
1156 3597 1275 3670 minus
1302 3596 1464 3686 canticis,
1493 3597 1530 3669 in
1559 3598 1688 3695 qvibus
1714 3597 1810 3671 modi
1836 3620 1907 3672 non
1933 3620 2005 3671 mu-

360 3722 538 3808 tabantur,
575 3740 666 3816 opus
700 3716 815 3790 fuisse
849 3715 1028 3789 denotatis
1055 3723 1183 3812 sponte
1209 3739 1298 3790 sane
1324 3716 1550 3811 intelligitur,
1578 3718 1623 3791 ad
1650 3718 1740 3792 haee
1765 3716 2005 3814 significanda

360 3842 398 3914 in
424 3838 528 3914 titulo
557 3860 687 3913 scenae
714 3836 849 3911 nomini
874 3857 1061 3932 personae,
1094 3837 1197 3933 eujus
1224 3844 1301 3910 erat
1327 3836 1503 3910 canticum
1530 3860 1650 3932 agere,
1683 3838 1924 3933 subscriptum
1950 3839 2003 3912 iu·

360 3961 434 4034 isse
462 3959 604 4033 videtur
634 3955 689 4049 0,
715 3957 739 4031 i.
768 3980 799 4029 e.
828 3955 1021 4048 carduum,
1047 3956 1093 4030 ad
1119 3957 1184 4031 illa
1210 3955 1396 4052 superiora
1422 3951 1475 4031 M.
1504 3952 1559 4031 M.
1592 3954 1646 4048 0,
1667 3957 1691 4030 i.
1714 3980 1743 4031 e.
1765 3957 1912 4033 mutatis
1930 3980 2001 4033 ruo·

361 4079 420 4155 dis
447 4078 625 4154 eunocum
639 4078 707 4174 ”h
762 4074 853 4152 Cum
880 4076 948 4151 hoc
974 4075 1054 4150 loco
1081 4077 1216 4151 Donati
1242 4099 1355 4173 prope
1381 4098 1517 4168 omnes,
1537 4078 1598 4173 qvi
1617 4078 1662 4152 de
1680 4101 1722 4153 eo
1743 4079 1999 4165 disseruerunt,

464 4337 496 4414 *)
520 4335 669 4412 Grysarus
691 4336 710 4395 l.
734 4355 761 4397 c.
785 4354 812 4412 p.
839 4339 899 4398 373
923 4336 989 4396 ideo
1012 4335 1200 4396 scribendum
1223 4336 1352 4396 censuit:
1378 4353 1488 4414 „saepe
1510 4339 1630 4397 mutatis
1650 4356 1704 4414 per
1725 4355 1844 4397 scenam
1866 4336 2000 4400 canticis.

361 4440 464 4501 modos
494 4440 652 4506 mutavit“,
681 4472 725 4483 -
754 4438 881 4499 addens:
911 4441 962 4511 „ct
985 4440 1014 4500 b.
1037 4456 1071 4500 ro
1092 4442 1148 4501 mie
1168 4443 1200 4500 iu
1222 4442 1278 4500 der
1299 4441 1453 4501 sozomen
1475 4441 1572 4503 Scene
1594 4443 1649 4503 der
1672 4442 1735 4502 Tun
1758 4443 1811 4503 des
1835 4441 2002 4501 &aaaron

359 4545 423 4605 sich
446 4546 583 4612 (incerte,
605 4559 639 4602 ro
662 4543 716 4602 bot
737 4559 771 4603 er
794 4544 872 4603 auch
895 4545 954 4604 deo
978 4542 1107 4603 Tonsutz
1128 4545 1161 4603 in
1181 4545 1248 4603 dem
1269 4543 1497 4605 moritolircben
1522 4544 1613 4605 Teste
1634 4546 1753 4605 dudem
1774 4546 1902 4604 lurrea“.

463 4662 514 4738 ss)
544 4664 732 4723 Hermannus
761 4661 834 4722 dicit
863 4664 882 4722 l.
913 4682 938 4723 c.
967 4681 996 4738 p.
1028 4665 1104 4722 295:
1140 4662 1264 4739 „Itaque
1287 4663 1314 4723 ei
1336 4680 1453 4731 scenae,
1476 4666 1506 4724 in
1530 4683 1589 4741 qva
1611 4667 1759 4725 canticum
1781 4669 1861 4723 essct
1881 4665 2002 4724 mutatis

361 4766 466 4834 modis,
495 4766 613 4826 litterae
634 4767 676 4826 M.
700 4766 743 4825 M.
770 4766 811 4833 0,
835 4784 910 4841 qvae
933 4767 1040 4825 mutari
1063 4765 1167 4827 modus
1189 4765 1296 4825 cantici
1319 4765 1492 4837 iudicarant,
1516 4766 1817 4844 praemittebantur“;
1848 4766 2002 4828 similiter·

361 4889 419 4947 qve
448 4875 567 4946 praeter
595 4868 670 4927 alios
695 4869 759 4946 jam
786 4869 885 4927 multis
907 4869 1055 4929 aetatibus
1079 4874 1148 4928 ante
1170 4868 1332 4928 Salmasius
1354 4870 1372 4927 l.
1395 4887 1436 4928 o:
1468 4868 1702 4946 „significabant
1724 4869 1780 4929 hae
1802 4875 1863 4929 tres
1886 4869 2002 4930 litterae

360 4973 527 5049 singulares
549 4978 677 5030 mutulos
698 4972 802 5032 modos
823 4974 965 5032 cuuticr'“.
1010 4972 1189 5031 Accuratius
1211 4977 1310 5031 autem
1332 4971 1488 5033 verborum
1511 4973 1734 5050 designatorum
1756 4972 1880 5033 sormam
1895 4972 2002 5033 delini·

360 5081 420 5134 tam
443 5075 485 5134 ita
508 5074 603 5135 voluit
624 5073 761 5134 Wolslius
783 5075 803 5134 l.
827 5093 853 5134 c.
876 5093 906 5151 p.
930 5077 963 5134 5:
993 5075 1167 5146 „Mutantur
1188 5074 1266 5135 modi
1290 5076 1430 5136 cantici“.
1474 5077 1552 5136 Male
1575 5077 1677 5136 maluit
1699 5074 1848 5153 Grysarus
1869 5094 1899 5152 p.
1924 5078 2000 5136 373:

361 5177 510 5248 „Mutavit
532 5176 635 5238 modos
657 5176 799 5246 cantici“;
823 5175 852 5236 h.
876 5195 901 5236 e.
925 5177 1084 5238 mutandos
1105 5178 1223 5238 curavit
1244 5184 1343 5254 poeta.
