4726 6270
416 533 456 597 58
950 528 1171 595 Enuuunns
1197 545 1220 594 Δ
1245 526 1421 594 Baunsn.

370 729 501 804 cantici
535 726 720 801 adversari
754 748 826 801 non
859 725 1009 816 videtur,
1037 725 1321 823 qvanuoqviuen
1347 726 1414 801 hos
1441 747 1523 800 esse
1548 725 1674 800 inanes
1701 725 1877 800 clamores
1902 727 2005 822 pueri

369 849 415 923 de
445 849 506 922 via
535 848 688 942 aliquus
715 846 786 920 sibi
811 845 1006 941 persvadet
1032 845 1128 923 Geta
1153 854 1190 921 et
1215 868 1336 920 secum
1362 845 1480 942 magis
1507 869 1612 942 qvam
1638 869 1720 920 cum
1744 846 1870 936 altero,
1898 869 2004 943 qvem

369 991 439 1043 non
475 967 584 1059 videt,
619 968 770 1064 loqvens
805 965 1057 1040 stomachatur.
1113 965 1185 1042 Sed
1220 967 1443 1063 sejungimus
1476 988 1618 1041 versum
1648 966 1849 1062 proximum
1875 989 1898 1040 a
1922 989 2004 1040 can·

367 1089 451 1180 tico,
479 1089 583 1183 quus
608 1088 660 1161 ita
686 1095 723 1162 et
747 1086 1058 1161 interlocutionum
1083 1085 1174 1169 fiunt
1200 1109 1326 1162 versus
1358 1091 1474 1163 l-ll
1506 1109 1603 1160 scen.
1633 1091 1713 1162 dzae
1739 1094 1808 1161 act.
1834 1087 1885 1163 521
1905 1088 1954 1183 (v.
1976 1088 2002 1160 f.

369 1208 598 1304 sor-851).
631 1249 674 1261 -
702 1207 752 1281 Et
777 1207 886 1280 breve
912 1213 1031 1279 tamen
1059 1205 1127 1280 hoc
1153 1207 1330 1282 canticum
1357 1215 1424 1281 est.
1465 1207 1599 1282 Verum
1619 1215 1743 1297 totam,
1764 1230 1855 1303 qvae
1875 1206 2005 1281 deinde

366 1332 405 1404 in
432 1351 476 1403 ca
502 1352 611 1404 scena
636 1330 793 1417 affertur,
821 1326 1061 1401 narrationem
1088 1325 1204 1403 Getae
1232 1335 1268 1402 et
1294 1329 1404 1402 verba
1429 1326 1659 1416 audientium,
1688 1328 1805 1423 qvoad
1832 1328 1932 1402 solus
1951 1350 2004 1401 re·

367 1449 540 1544 linqvitur
574 1446 827 1550 Phormi0,ad
854 1446 963 1520 tibias
989 1447 1218 1541 pronuntiata
1237 1470 1324 1537 ¹esse
1351 1448 1585 1543 suspicamur.
1639 1447 1746 1538 Qvid,
1775 1448 1870 1545 qvod
1896 1448 2004 1523 etiam

367 1569 538 1665 perpaulo
572 1576 654 1642 ante
680 1568 775 1641 idem
802 1566 977 1640 canticum
1003 1565 1113 1639 tibiae
1138 1567 1290 1641 forsitan
1316 1567 1512 1640 cecinerint
1537 1568 1575 1641 in
1601 1568 1804 1664 soliloquiis
1829 1567 2003 1663 Antipho·

368 1689 425 1762 nis
453 1697 488 1761 et
514 1687 741 1761 Phormionis
768 1687 816 1783 (v.
844 1687 870 1759 f.
900 1690 1102 1762 820-828
1131 1694 1168 1760 et
1194 1685 1417 1781 sus-832),
1437 1709 1528 1782 qvae
1546 1708 1617 1760 non
1635 1710 1717 1761 esse
1737 1688 1887 1776 cantica,
1908 1687 2003 1784 qvod

368 1809 501 1883 actioni
535 1806 806 1903 pantomimicae
842 1805 1066 1880 occasionem
1100 1806 1234 1880 nullam
1268 1805 1451 1894 dederunt,
1478 1828 1543 1901 pro
1570 1813 1666 1881 certo
1693 1806 1922 1883 affirmamus.
1958 1849 1999 1860 -

367 1929 480 2003 Porro
506 1928 673 2002 tibiarum
699 1934 826 2000 cantus
853 1949 969 2022 neqve
995 1925 1155 1999 abfuisse
1182 1927 1324 2001 videtur
1349 1949 1371 1999 a
1397 1925 1575 2021 colloqvic
1597 1925 1816 2023 Antiphonis
1836 1933 1872 2001 et
1890 1926 2002 2001 Phae·

369 2050 466 2124 driae
501 2048 605 2122 metri
641 2047 814 2121 varietate
850 2053 886 2119 et
919 2047 1070 2119 affectus
1105 2046 1142 2119 vi
1178 2047 1369 2142 conspicuo
1404 2047 1442 2120 in
1478 2070 1511 2119 v.
1547 2048 1572 2120 f.
1612 2049 1923 2143 153—178(act.
1951 2046 2003 2122 2ιί

368 2192 478 2243 scena
509 2174 539 2258 l,
568 2191 674 2264 qvam
700 2167 800 2262 prius
827 2165 1005 2239 canticum
1032 2164 1148 2240 Getae
1174 2167 1427 2263 subsequitur),
1455 2189 1570 2262 neqve
1589 2191 1612 2240 a
1631 2167 1858 2242 Phormionis
1877 2175 1914 2241 et
1930 2166 2001 2244 Ge·

365 2297 425 2364 tae
452 2290 613 2364 diverbio
639 2288 677 2361 in
704 2311 737 2359 v.
764 2287 790 2358 f.
821 2289 1020 2362 315-347
1050 2286 1133 2381 (act.
1163 2287 1226 2363 3zii
1252 2309 1303 2360 sc.
1336 2286 1382 2382 1),
1417 2309 1487 2382 qvo
1513 2287 1593 2361 loco
1619 2287 1790 2361 audacem
1817 2296 1852 2363 et
1878 2287 2001 2363 soller-

365 2418 437 2485 tem
471 2409 719 2484 lentitudinem
756 2429 856 2479 suam
891 2405 1152 2501 spectatoribus
1188 2406 1339 2502 primum
1373 2406 1411 2480 in
1446 2414 1675 2501 conspectum
1707 2406 1806 2481 dedit
1831 2406 2000 2482 Phormio

365 2531 557 2626 parasitus,
594 2549 750 2624 persona
783 2525 938 2622 partium
970 2526 1175 2621 primarum,
1208 2527 1266 2599 cui
1292 2526 1428 2600 nullum
1456 2527 1632 2600 canticum
1658 2535 1725 2602 est.
1779 2527 1860 2602 Hoc
1887 2527 2000 2602 breti-

365 2659 431 2740 ter,
459 2657 498 2722 nt
525 2649 569 2721 de
595 2647 843 2743 huJuscemodi
870 2646 1042 2720 diverbiis
1068 2647 1187 2720 dicere
1214 2645 1324 2736 soleo,
1352 2645 1520 2732 indicavi,
1547 2647 1760 2741 probaturos
1779 2654 1899 2721 tamen
1917 2671 2000 2722 esse

366 2791 437 2844 non
464 2769 627 2863 despero,
656 2768 717 2864 qvi
743 2767 843 2841 locos
870 2766 1185 2841 consideraverint.
1213 2807 1264 2819 —
1291 2764 1365 2841 Sed
1390 2765 1546 2838 nondum
1572 2766 1796 2862 reqviescere
1822 2789 1889 2842 nos
1913 2768 2000 2842 sinit

366 2889 584 2962 canticorum
618 2887 656 2960 in
690 2886 758 2960 hac
792 2885 976 2960 comoedia
1010 2893 1046 2959 et
1080 2885 1320 2960 diverbiorum
1352 2885 1612 2959 modulatomm
1644 2887 1817 2982 quaestio.
1871 2886 1999 2962 Utrius

365 3009 510 3104 generis
545 3010 606 3106 (an
636 3007 790 3081 fortasse
817 3005 994 3101 neutrius)
1020 3005 1088 3080 hoc
1114 3005 1332 3100 Antiphonis
1359 3028 1480 3078 secum
1507 3006 1744 3103 colloquentis
1771 3015 1869 3082 esset
1894 3010 1943 3105 (v.
1971 3009 1997 3081 f.

367 3133 581 3218 465-470,
609 3133 677 3201 act.
707 3126 770 3202 3:11
797 3148 846 3199 sc.
877 3131 957 3200 ome
984 3149 1017 3198 v.
1050 3127 1172 3219 1-6),
1201 3124 1349 3199 difficile
1376 3125 1473 3200 dictu
1499 3126 1603 3201 nobis
1629 3127 1746 3202 visum
1772 3134 1843 3201 est:

468 3289 576 3391 Enim
603 3337 705 3406 uero,
731 3311 899 3414 mopso,
924 3311 1144 3390 multimodis
1170 3337 1250 3390 eum
1275 3319 1365 3390 istoc
1391 3313 1510 3390 ocimo
1537 3337 1578 3390 es
1604 3313 1882 3415 uituperandus:

467 3450 576 3528 Itone
602 3459 638 3526 te
662 3450 748 3527 tine
774 3449 894 3527 obisse
919 3458 957 3526 et
981 3451 1091 3526 uitam
1118 3452 1216 3526 turim
1243 3447 1428 3525 tutandam
1455 3449 1537 3526 olitr
1564 3448 1733 3527 dedisse!

467 3555 566 3648 A'tior
592 3577 688 3647 trram
714 3595 791 3647 rem
817 3569 1012 3647 credidisti
1036 3570 1157 3669 mopis
1182 3593 1289 3669 paam
1315 3576 1386 3647 tete
1413 3569 1567 3646 animem
1595 3570 1846 3649 uduorruros?

465 3689 560 3769 Nom
586 3697 628 3767 ot
651 3697 691 3767 ot
715 3697 822 3768 erant
846 3691 935 3784 olio,
960 3691 1015 3766 ttli
1040 3696 1152 3784 certe,
1178 3694 1275 3789 quae
1299 3713 1396 3767 nune
1421 3688 1488 3767 tibi
1514 3689 1654 3785 domtrt,
1681 3693 1903 3785 consuleres,

465 3810 619 3910 quuid
632 3818 790 3914 propter
816 3812 914 3886 turim
936 3809 1047 3908 fidem
1074 3808 1227 3912 decepto
1244 3816 1437 3910 poteretur
1461 3811 1567 3887 moti:

469 3929 606 4024 Quotus
630 3955 726 4008 meone
751 3931 908 4044 miserae
931 3934 1019 4031 spe's
1045 3953 1204 4031 opesque
1228 3936 1313 4006 sont
1337 3929 1375 4006 in
1401 3934 1437 4006 te
1462 3953 1533 4007 uno
1561 3933 1685 4008 omne'r
1709 3931 1816 4008 sitae.

363 4104 469 4195 Geta,
506 4105 567 4201 qvi
601 4111 684 4178 ante
718 4105 756 4177 in
791 4126 901 4177 scena
935 4109 1001 4191 est,
1033 4103 1209 4199 prospicit
1240 4109 1276 4177 ct
1302 4125 1410 4178 versu
1435 4103 1620 4199 superiore
1646 4104 1786 4178 nuntiat
1811 4104 1994 4180 introitum

360 4225 398 4298 in
425 4247 569 4299 scenam
596 4223 826 4320 Antiphonis,
863 4222 927 4297 sed
954 4223 1009 4297 sic
1033 4222 1075 4296 fit
1101 4246 1210 4319 saepe
1237 4223 1354 4315 etiam,
1383 4223 1445 4298 nbi
1470 4224 1648 4297 canticum
1674 4246 1745 4299 non
1771 4232 1910 4321 agetur,
1938 4248 1996 4300 ne·

361 4368 429 4440 qve
466 4344 623 4418 caecitas
657 4343 732 4433 illa,
769 4365 874 4438 qvam
909 4341 1074 4432 diximus,
1111 4343 1287 4418 canticum
1319 4344 1462 4439 agentis
1492 4344 1697 4419 necessario
1723 4345 1912 4420 tribuenda
1936 4345 1996 4419 hic

361 4473 417 4538 cst
443 4463 650 4561 Antiphoni,
684 4463 745 4560 qvi
771 4485 851 4537 cum
879 4461 1010 4539 Getam
1035 4470 1260 4558 praesentem
1286 4462 1548 4556 animadvertit,
1575 4463 1613 4538 id
1639 4463 1691 4537 ita
1717 4464 1959 4562 declaratur(
1985 4521 1994 4539 .

362 4589 432 4661 471
464 4583 550 4681 sq.):

361 4755 442 4833 GE.
483 4754 545 4866 Et
559 4754 714 4854 quidem,
740 4777 817 4848 ere,
842 4777 910 4832 mos
936 4753 1009 4830 iom
1035 4752 1169 4831 dodum
1188 4752 1249 4833 tic
1267 4760 1302 4831 te
1320 4752 1503 4832 absentem
1521 4762 1740 4849 incusamus,
1760 4756 1825 4855 qui
1842 4754 1993 4833 obieris.

359 4877 438 4953 AN.
481 4875 533 4954 Te
558 4877 674 4977 ipretm
700 4873 931 4975 quaerebam.

359 5047 409 5121 At
434 5071 531 5139 vero,
559 5047 856 5144 quemadmodum
880 5047 970 5123 haec
995 5048 1157 5144 prolecto
1182 5046 1222 5122 in
1247 5047 1425 5123 canticum
1450 5047 1636 5144 qvadrant,
1664 5046 1718 5122 sic
1737 5047 1807 5123 fnit
1825 5069 1914 5122 sane
1932 5070 1992 5144 ge·

360 5168 431 5242 stui
464 5167 716 5265 pantomimico
750 5169 853 5244 locus
885 5168 924 5243 in
960 5169 1080 5244 verbis
1113 5166 1341 5264 Antiphonis,
1369 5190 1460 5264 qvae
1485 5191 1567 5245 cum
1592 5167 1669 5244 illis
1694 5165 1930 5265 Ctesiphonis
1954 5166 1992 5244 in
