4726 6270
905 555 1109 636 Ωπαααίίοπαα
1135 557 1352 626 Terentianae.
1860 563 1900 627 81

312 766 441 850 serrat,
469 767 508 837 ut
533 759 571 835 in
597 758 667 834 viri
692 758 750 833 sui
766 755 932 856 justitia,
958 779 1063 853 qvam
1088 756 1184 831 falso
1209 757 1488 853 interpretantur
1507 756 1750 851 „lenitatem“,
1772 760 1944 836 stultitiae

312 904 400 957 suae
434 879 570 977 aliqvid
605 879 654 954 sit
687 877 870 974 praesidii,
905 876 975 950 hoo
1009 885 1075 965 est,
1109 884 1149 951 ut
1175 876 1297 971 justus
1324 884 1360 951 et
1384 899 1520 972 aeqvus
1542 877 1655 972 judex
1681 878 1849 955 decernat
1873 903 1946 956 non

312 1001 444 1078 debere
469 999 694 1097 prudentiam
721 997 923 1094 exspectari
949 998 987 1070 in
1013 997 1174 1087 muliere,
1194 1019 1299 1093 qvam
1318 997 1399 1093 ipsa
1415 1004 1543 1072 natura
1560 1019 1632 1072 non
1649 999 1830 1075 meliorem
1850 1022 1945 1074 orea-

311 1122 415 1196 verit.
467 1121 511 1196 In
537 1119 627 1194 haeo
653 1119 686 1194 si
712 1118 920 1193 conveniret
945 1116 1035 1191 illud
1061 1115 1204 1191 animur
1222 1121 1310 1192 παία
1328 1115 1490 1215 pravior,
1511 1118 1689 1192 enarratio
1707 1126 1854 1210 tantum,
1874 1144 1946 1196 non

311 1243 419 1317 etiam
446 1241 646 1316 emendatio
672 1239 923 1336 requireretur.
974 1236 1025 1311 At
1050 1258 1224 1331 nusquam
1250 1245 1432 1333 spectatur
1457 1238 1496 1311 in
1522 1238 1747 1315 substantivo
1773 1245 1859 1314 παίπ
1885 1239 1946 1315 hu·

311 1385 417 1435 mana
452 1360 619 1450 conditio,
656 1367 696 1434 ut
729 1382 801 1432 non
835 1356 880 1431 de
915 1363 1033 1431 aetate
1059 1357 1208 1446 dicatur,
1236 1357 1334 1432 velut
1359 1380 1490 1456 mopere
1516 1362 1616 1452 noto,
1640 1356 1822 1457 prandior
1846 1367 1946 1453 natu,

313 1486 433 1556 tantos
466 1485 574 1569 παία,·
609 1502 725 1572 neqve
758 1500 925 1573 umquam
956 1476 1027 1550 nisi
1053 1477 1090 1550 in
1116 1476 1209 1550 hane
1237 1477 1448 1551 sententiam
1474 1476 1512 1550 id
1537 1479 1749 1553 vocabulum
1776 1479 1947 1554 inversu

311 1601 474 1677 Terentii
508 1608 734 1696 aeceperunt.
788 1597 862 1673 Sed
897 1597 1003 1672 unius
1037 1596 1143 1671 modo
1177 1596 1356 1670 litterulae
1383 1596 1564 1670 additione
1590 1618 1681 1693 opus
1707 1606 1773 1672 est.
1828 1596 1947 1695 Sorip

312 1722 406 1797 sisse
434 1721 529 1795 enim
554 1728 695 1816 poetam
722 1727 808 1815 puto
834 1740 907 1792 non
932 1723 1032 1809 natu,
1059 1716 1124 1791 sed
1149 1721 1269 1808 notua,
1294 1716 1330 1790 h.
1360 1739 1390 1791 e.
1414 1721 1548 1791 παίανα
1569 1717 1827 1813 conformatus.
1869 1718 1946 1795 Cir.

313 1865 368 1916 ex.
396 1863 427 1916 o.
457 1840 562 1917 Varr.
590 1839 636 1914 de
661 1862 701 1913 re
728 1845 816 1913 rust.
843 1837 874 1912 Ι.
903 1843 943 1914 6:
972 1836 1069 1912 alius
1095 1858 1186 1933 aper
1212 1833 1303 1911 berre
1325 1839 1445 1927 notar,
1466 1834 1562 1911 alius
1580 1835 1694 1925 mole;
1715 1836 1796 1911 Liv.
1817 1838 1885 1912 IX.
1907 1845 1945 1916 2:

312 1960 366 2036 ita
391 1966 499 2037 netur
524 1959 627 2036 loeas
652 1964 726 2034 ert:
751 1958 868 2034 saltur
894 1953 966 2032 duo
994 1955 1072 2047 αίίὶ,
1095 1953 1241 2053 enpanti
1266 1953 1459 2052 silvosique
1483 1959 1570 2030 sunt
1592 1963 1677 2045 oet.;
1705 1955 1783 2032 Cio.
1812 1957 1857 2033 de
1883 1956 1945 2035 Or.

312 2081 342 2156 I.
371 2085 436 2159 20:
465 2077 573 2177 idque
598 2101 677 2154 cum
704 2077 927 2176 erqurnentir
953 2073 1141 2167 demeret,
1168 2072 1264 2172 qood
1288 2073 1340 2150 ita
1365 2074 1444 2150 nati
1469 2097 1642 2169 ememor,
1668 2082 1709 2151 αί
1732 2082 1771 2152 et
1786 2074 1949 2154 blandiri

312 2199 527 2301 suppliciter
552 2205 590 2275 et
611 2195 794 2274 subtiliter
820 2195 1010 2271 insinuare
1035 2195 1097 2288 iio,
1124 2219 1148 2270 α
1174 2192 1301 2293 poitur
1320 2201 1419 2271 erret
1429 2193 1640 2295 petendam,
1660 2202 1698 2272 αί
1714 2196 1949 2275 adversarios

311 2318 504 2396 minaciter
530 2326 670 2395 terrere
685 2339 882 2418 possemus
908 2324 992 2404 oet.;
1023 2316 1141 2389 Plaut.
1170 2313 1255 2390 Cas.
1283 2315 1332 2389 ll.
1362 2322 1397 2393 5.
1427 2319 1490 2392 35:
1520 2315 1673 2391 iterem
1699 2321 1821 2392 παίαπ
1848 2317 1948 2393 intel·

313 2440 406 2538 Iepo.
459 2439 515 2514 Ao
550 2463 589 2514 re
624 2462 711 2512 vera
744 2437 840 2534 apud
874 2435 1083 2509 Terentium
1115 2458 1196 2509 oum
1222 2435 1319 2509 virili
1345 2436 1476 2510 virtute
1502 2436 1629 2526 levem,
1658 2445 1698 2511 nt
1721 2436 1948 2513 Atheniensi·

314 2560 382 2635 bus
408 2560 518 2656 vulgo
543 2559 624 2634 visa
650 2565 717 2649 est,
746 2566 782 2631 et
807 2579 894 2653 prae
918 2556 984 2631 illa
1010 2556 1247 2651 spernendam
1273 2563 1436 2630 naturam
1461 2557 1673 2632 seminarum
1695 2559 1851 2632 conferri
1873 2581 1948 2632 ver·

315 2702 379 2755 sus
404 2680 456 2755 ibi
481 2686 671 2775 seqventes
698 2678 902 2773 explanant.
956 2674 1260 2766 Quemadmodum
1287 2677 1381 2750 enim
1407 2677 1444 2750 in
1471 2676 1544 2752 alia
1569 2700 1678 2752 soene
1700 2676 1874 2754 Chremes
1895 2681 1949 2754 ira

314 2822 440 2876 rursus
466 2799 505 2874 in
530 2821 677 2874 uxorem
702 2805 799 2871 mota
824 2796 1016 2872 exclamatr‘
1054 2789 1123 2887 dt,
1148 2795 1282 2896 perpin
1309 2795 1439 2871 mulier
1465 2797 1571 2873 esre?
1597 2800 1645 2896 (v.
1679 2799 1802 2893 1006),
1831 2800 1885 2874 sio
1910 2800 1948 2872 in

314 2921 394 3012 hae,
425 2919 488 2994 ubi
518 2919 558 2994 in
583 2941 663 2993 eam
689 2941 769 2992 oum
795 2939 906 2992 sensu
932 2939 1019 2991 suae
1045 2915 1233 3011 dignitatis
1260 2917 1530 3013 despicientiam
1556 2919 1716 2994 mulieris
1743 2919 1864 2993 statim
1891 2943 1948 2994 ex·

314 3039 490 3137 prompsit
524 3040 573 3136 (v.
611 3037 713 3133 621),
749 3037 866 3111 virilis
898 3036 1029 3110 mentis
1059 3037 1281 3132 praestantia
1307 3037 1571 3132 subjectissime
1597 3039 1643 3113 ab
1669 3039 1750 3136 ipsa
1776 3061 1949 3114 oonoessa

314 3167 388 3234 tarn
414 3159 577 3235 celeriter
602 3154 798 3253 mitigatur,
833 3164 873 3230 ut
898 3156 998 3230 nullo
1024 3157 1135 3229 aetati
1160 3157 1267 3230 senili
1294 3158 1456 3253 qvamvis
1482 3158 1665 3233 humiliter
1689 3160 1863 3255 praestito
1890 3159 1949 3235 ho

315 3303 401 3355 nore
436 3278 473 3355 id
506 3279 559 3353 ita
591 3277 699 3352 faeile
731 3276 810 3350 fieri
835 3276 996 3373 potuisse
1023 3276 1187 3350 videatur
1213 3278 1261 3373 (v.
1291 3278 1523 3372 647-649);
1552 3286 1588 3352 et
1614 3279 1724 3353 verba
1751 3277 1946 3370 Sostratae,

316 3422 407 3497 qvae
441 3407 516 3474 tum
551 3404 757 3493 seqvuntnr,
793 3420 865 3470 nou
899 3395 944 3470 de
980 3419 1022 3470 eo
1055 3396 1385 3488 commonefaciunt,
1419 3397 1513 3493 qvod
1539 3398 1725 3494 Bentlejus
1751 3401 1946 3488 annotarit,

316 3519 471 3612 „stultos
497 3541 620 3593 omnes
647 3525 683 3591 et
709 3516 860 3590 miseros
880 3539 961 3591 esse
980 3516 1287 3611 superstitiosos“,
1308 3517 1373 3591 sed
1391 3518 1616 3615 apertissime
1633 3519 1844 3594 feminarum
1863 3518 1947 3594 stul-

314 3639 430 3714 titiam
456 3647 492 3714 et
516 3637 806 3735 superstitionem
832 3635 1060 3711 eonfitentur:

970 3768 1017 3847 dt
1037 3772 1170 3848 stallae
1196 3780 1235 3849 et
1258 3774 1415 3850 παπαί
1441 3777 1566 3851 omne's
1589 3797 1714 3851 ramus

517 3893 747 3992 Belipioroe,
774 3915 875 3992 prom
901 3892 1154 3994 deponendam
1180 3891 1229 3970 do'
1255 3893 1324 3988 illi,
1351 3892 1398 3970 de
1423 3891 1539 3994 dipito
1567 3895 1713 3971 α’παίπππ

517 4011 685 4092 De'tralro
714 4021 798 4104 oet.;

314 4155 376 4230 ubi
402 4152 535 4229 misere
562 4175 641 4227 enm
667 4150 921 4227 Westerhovio
947 4158 984 4224 et
1008 4149 1092 4224 aliis
1117 4149 1229 4224 multo
1255 4149 1387 4242 malim,
1416 4173 1520 4247 qvam
1547 4173 1627 4225 oum
1649 4150 1890 4225 Fleckeiseno
1911 4157 1948 4224 et

314 4273 480 4369 Bentlejo
506 4271 673 4348 miserae.
726 4270 854 4367 Itaqve
879 4292 1023 4345 versum
1050 4275 1124 4346 645
1152 4270 1206 4343 sio
1232 4271 1469 4345 constituens:
1507 4267 1657 4362 Qeando
1684 4274 1766 4346 tuor
1791 4274 1849 4346 ert
1871 4269 1947 4344 oni·

313 4416 393 4469 mus
418 4396 561 4468 netur
584 4389 747 4490 pronior,
774 4389 1031 4488 iqnoseentior,
1057 4389 1223 4464 mendum
1249 4398 1429 4486 pervetus,
1457 4390 1552 4487 qvod
1578 4391 1685 4464 etiam
1710 4390 1788 4465 ood.
1808 4389 1947 4464 Bembi-

314 4536 383 4589 nns
409 4520 445 4588 et
471 4512 612 4588 oodioes
640 4509 769 4602 Servii,
796 4510 844 4584 ad
869 4510 960 4584 Aen.
987 4509 1054 4583 IX.
1085 4514 1155 4586 291
1186 4533 1329 4585 versum
1356 4510 1519 4585 Terentii
1544 4509 1863 4599 commemorantis,
1887 4509 1946 4583 ha·

314 4634 409 4725 bent,
436 4633 592 4708 lelioiter
617 4632 816 4707 correxisse
842 4631 930 4705 mihi
957 4630 1090 4705 videor.

1053 4800 1209 4876 H-IV.

556 4941 752 5037 Adelph.
781 4965 814 5014 v.
845 4946 930 5018 357.
984 4938 1122 5014 Andr.
1150 4962 1184 5012 v.
1215 4942 1299 5015 703.
1354 4937 1524 5039 Heoyr.
1552 4963 1586 5012 v.
1616 4944 1701 5016 248.

416 5079 487 5156 His
513 5079 605 5156 loois
632 5088 773 5156 vetusto
800 5100 920 5154 errore
946 5078 1171 5154 librariorum
1197 5075 1267 5152 duo
1295 5078 1406 5152 verba
1429 5078 1468 5152 in
1494 5100 1601 5155 unum
1626 5078 1777 5154 oonlusa
1795 5098 1877 5151 esse
1898 5077 1946 5150 vi·

315 5198 452 5274 dentur.

1755 5330 1790 5385 11
