4726 6270
840 640 846 649 ,
950 537 1153 616 Quemne
1177 536 1394 607 Terentianae.
1903 540 1944 607 57

355 743 483 839 Itsqve
512 761 641 815 versus
666 738 774 835 hujus
799 738 943 813 fabulae
970 742 1172 815 roo-783
1198 737 1245 812 sd
1270 737 1429 813 tibicinis
1455 744 1597 813 canum
1623 738 1843 836 pronuntiati
1868 738 1988 814 viden·

355 872 425 952 tur,
452 859 665 958 pracsertim
691 881 773 933 cum
798 858 837 932 in
862 858 1039 954 principio
1065 857 1150 933 novi
1175 864 1278 933 octus
1302 858 1413 954 positi
1438 857 1521 933 sint.
1549 901 1593 913 -
1615 856 1712 950 Qvid
1731 882 1817 935 vero
1837 859 1989 934 sentien-

356 983 441 1058 dum
476 987 532 1055 est
566 977 611 1054 de
643 1000 686 1053 eo
716 977 809 1067 loco,
838 977 901 1052 ubi
926 975 1023 1054 Geta
1047 1000 1172 1052 rursus
1198 977 1237 1051 in
1263 999 1408 1052 scenam
1434 1000 1454 1052 e
1481 976 1584 1052 domo
1610 977 1718 1052 herili
1743 978 1841 1071 exiit,
1869 1001 1990 1076 super·

357 1102 529 1177 fundente
563 1121 603 1174 sc
638 1099 717 1194 ejus
748 1097 887 1173 laetitia
912 1098 957 1172 ob
984 1120 1043 1171 res
1069 1097 1148 1171 heri
1172 1097 1321 1173 miuoris
1347 1097 1466 1172 subito
1491 1097 1618 1172 felices
1643 1099 1770 1188 inens,
1797 1100 1991 1196 praesenti·

357 1224 438 1312 bus,
475 1220 540 1297 sed
573 1220 620 1294 sb
655 1241 698 1293 eo
732 1240 805 1292 non
832 1217 997 1314 ¹aspectis
1024 1217 1229 1314 Antiphone
1255 1218 1336 1314 ipso
1363 1224 1399 1293 et
1424 1217 1662 1293 Phormione?
1712 1217 1854 1294 Cantici
1880 1226 1916 1293 et
1941 1220 1991 1294 in·

358 1340 629 1419 terlocutionum
664 1337 869 1438 rhythmice
903 1337 1144 1414 modulatione
1179 1360 1429 1435 expressorum
1464 1338 1648 1413 simillima
1678 1339 1797 1414 omnin
1827 1339 1993 1414 videntur

359 1463 398 1537 in
422 1460 497 1535 his:

361 1649 441 1727 ΘΕ.
491 1618 711 1744 Osortonc,
737 1668 759 1723 o
781 1645 869 1742 so'rs
889 1646 1058 1741 fortuna,
1087 1645 1234 1745 quentis
1260 1646 1586 1742 commoditdtibus,

491 1765 610 1860 Qudne
635 1765 755 1844 subito
781 1788 861 1843 meo
888 1788 952 1842 cro
980 1748 1173 1866 Antprhom
1200 1789 1268 1867 ope
1294 1769 1419 1843 nostra
1445 1763 1540 1842 hunc
1566 1769 1745 1844 onoase's
1771 1767 1888 1845 diem!

361 1890 440 1964 AN.
488 1883 590 1980 Ouid
621 1911 704 1963 nem
738 1885 800 1963 hic
831 1885 905 1963 sibi
935 1886 1035 1961 uolt?
1074 1885 1155 1963 GE.
1195 1887 1334 1984 nosque
1361 1885 1498 1961 amicos
1523 1886 1601 1961 eins
1627 1889 1856 1965 exonerastis
1881 1892 1996 1964 metu!

488 2004 570 2084 Se'd
593 2029 662 2105 epo
688 2029 783 2081 nunc
807 2002 897 2081 milti
923 2008 1042 2097 cesso,
1069 2005 1133 2103 qui
1158 2027 1228 2082 non
1257 2009 1416 2081 rimorum
1442 2002 1537 2080 hunc
1562 2028 1674 2084 onero
1692 2008 1815 2108 pullio

492 2110 606 2226 Atque
630 2123 808 2202 hominem
829 2148 990 2227 propero
1017 2125 1194 2218 inuenire,
1221 2132 1262 2201 ut
1283 2122 1378 2201 hoec
1404 2147 1499 2225 quae
1524 2125 1740 2224 contipertnt
1762 2127 1867 2203 sciat.

363 2250 442 2325 AN.
490 2246 586 2324 Nnim
618 2251 656 2321 tu
688 2245 881 2344 intellcpis,
907 2243 964 2321 Inte
990 2243 1083 2344 qnid
1105 2246 1254 2321 namet?
1301 2245 1381 2321 PH.
1429 2244 1525 2322 Num
1552 2247 1614 2322 tu?
1659 2247 1740 2322 AN.
1790 2245 1865 2324 Nil.
1916 2249 1995 2324 PH.

1587 2363 1809 2442 Tantundem
1835 2390 1914 2466 epo.

364 2541 414 2615 At
438 2546 538 2614 tants
563 2538 671 2634 hujus
696 2537 768 2611 loci
795 2543 851 2612 est
875 2537 1044 2628 brevitas,
1071 2545 1111 2612 ut
1137 2536 1181 2612 de
1208 2538 1347 2612 cantico
1372 2561 1444 2613 non
1469 2539 1587 2636 possit
1613 2540 1775 2636 cogitari,
1803 2541 1875 2615 nisi
1900 2562 1997 2615 occe·

365 2662 462 2751 daut,
490 2682 581 2756 qvae
607 2681 683 2734 rem
708 2657 860 2732 firment.
914 2656 1009 2731 Illud
1036 2658 1202 2732 contiuuo
1230 2657 1405 2754 seqvitur:

366 2832 445 2908 GE.
494 2812 552 2906 Ad
574 2830 737 2907 lenonem
763 2827 848 2906 hinc
872 2836 927 2905 tre
943 2852 1119 2931 perporo:
1147 2827 1200 2906 ibi
1224 2836 1319 2905 ncnc
1343 2838 1436 2904 sunt.
1486 2831 1567 2905 AN.
1616 2828 1734 2924 Heus,
1765 2830 1866 2908 Geta.
1915 2831 1995 2910 ΘΕ.

527 3063 529 3068 .
1589 2939 1659 3044 rim
1686 2966 1764 3043 oon

493 3085 588 3163 Nom
613 3085 742 3162 mirum
768 3092 834 3162 cut
856 3088 1023 3163 nouotnst
1045 3085 1229 3178 reuocari,
1249 3093 1392 3162 cursum
1411 3109 1517 3186 quom
1537 3086 1735 3165 institero?
1772 3088 1853 3162 AN.
1894 3087 1998 3165 Geta.

366 3210 446 3286 GE.
493 3204 629 3304 Pe‘rqit
650 3203 793 3281 hercle:
819 3212 1009 3305 nnmqoom
1036 3212 1074 3282 lu
1100 3203 1186 3281 odio
1213 3207 1274 3282 tuo
1299 3229 1357 3281 me
1382 3205 1519 3283 uinces.
1559 3207 1640 3282 AN.
1681 3204 1761 3282 Non
1787 3209 1936 3283 manes?

366 3329 447 3406 ΘΕ.
502 3325 653 3428 Vapulo.
693 3327 774 3402 AN.
814 3323 868 3402 Id
891 3325 1036 3425 quidem
1062 3325 1126 3403 toi
1152 3326 1225 3401 inm
1247 3325 1323 3423 fiet,
1350 3326 1421 3402 nni
1445 3327 1602 3419 resistis,
1626 3326 1794 3405 ue'rbero.

366 3449 448 3525 GE.
494 3443 786 3524 Romilio-iorem
812 3451 955 3546 oportet
978 3449 1061 3521 esse
1086 3442 1202 3521 lanne:
1227 3445 1414 3522 minitare
1438 3446 1581 3522 malum.

367 3621 479 3695 Audit
513 3617 609 3695 Geta
643 3624 840 3709 vocantem,
877 3617 942 3692 sed
977 3626 1072 3692 retro
1107 3618 1286 3714 respicere
1320 3639 1393 3691 nou
1424 3623 1535 3708 curet,
1569 3616 1723 3691 alienum
1749 3617 1904 3713 aliquem
1930 3619 2000 3695 sibi

367 3739 524 3815 currenti
558 3739 709 3813 illudere
743 3746 874 3835 puteus
888 3738 935 3834 ⁴¹),
963 3737 1166 3813 subsistens
1192 3745 1311 3811 temen
1336 3735 1525 3827 interdum,
1552 3745 1592 3811 ut
1617 3737 1728 3812 verbs
1752 3743 1860 3833 gestu
1886 3740 2000 3836 expri-

365 3869 449 3934 mat.
504 3858 577 3935 Sed
609 3858 751 3932 tandem
787 3882 828 3933 se
863 3859 1039 3933 convertit
1073 3865 1109 3932 et
1142 3856 1267 3932 herum
1298 3856 1424 3952 procul
1450 3855 1567 3930 visum
1594 3854 1704 3954 (huuc
1729 3879 1814 3931 vero
1841 3881 1920 3932 eum
1947 3881 2000 3934 se-

366 3989 531 4077 quentem
554 3979 768 4076 cogitemus)
795 3979 961 4075 agnoscit
988 3985 1024 4052 et
1049 3977 1211 4069 advocat,
1240 3984 1275 4051 et
1302 3976 1372 4051 sibi
1398 3984 1587 4052 occurrunt
1612 3978 1733 4067 ambo;
1757 4000 1827 4074 qvo
1847 3980 2001 4076 pertinet

365 4101 425 4176 hic
450 4122 593 4175 versus:

367 4255 448 4333 ΘΕ.
494 4250 575 4331 Sed
603 4253 683 4330 isne
714 4260 771 4329 est
799 4277 903 4353 qoem
936 4276 1074 4353 quaem
1107 4255 1156 4329 cin
1182 4251 1278 4328 non?
1303 4251 1437 4352 ipsust:
1463 4248 1697 4463 conpago}
1710 4256 1877 4329 notatim.
1917 4254 1997 4329 AN.
2106 4332 2120 4344 ,

760 4380 761 4383 ’
1629 4371 1669 4447 ni
1720 4372 1799 4448 est?

366 4532 494 4627 Longe
529 4530 568 4604 in
601 4552 734 4626 magua
764 4551 875 4604 scens
904 4551 1047 4604 servum
1073 4549 1115 4602 se
1140 4527 1373 4625 proripuisse,
1400 4534 1590 4624 antequam
1616 4527 1741 4603 oculos
1766 4533 1998 4624 retorqueret,

367 4651 524 4747 intelligi
549 4650 673 4741 debet3
702 4674 807 4747 qvam
833 4651 879 4725 ob
905 4672 980 4724 rem
1008 4648 1052 4724 de
1079 4669 1121 4722 eo
1147 4647 1390 4738 admouentes,
1418 4648 1513 4744 qvod
1538 4671 1653 4744 nuper
1671 4648 1719 4722 sd
1737 4648 1914 4723 canticum
1932 4649 2000 4746 pri·

368 4792 463 4844 mum
488 4770 597 4866 hujus
621 4771 765 4845 fabulae
791 4771 1003 4860 notavimus,
1031 4767 1100 4843 hoc
1126 4790 1266 4864 qvoqve
1292 4766 1452 4863 ejusdcm
1479 4765 1596 4843 Getae
1622 4767 1799 4842 cauticum
1819 4790 1900 4842 esse
1921 4790 2001 4842 cou-

366 4890 557 4965 tendimus.
611 4890 704 4964 Nam
740 4891 835 4986 qvod
867 4913 1007 4981 servus,
1034 4890 1117 4964 dum
1143 4887 1264 4979 currit,
1292 4908 1416 4964 vocem
1442 4886 1592 4962 ulterius
1617 4886 1773 4978 excudit,
1800 4887 1838 4961 id
1864 4886 2001 4962 notioni

471 5095 504 5172 ⁹)
533 5095 675 5175 Bcufejus
703 5097 861 5158 annotavit
885 5096 925 5157 sd
953 5094 983 5156 h.
1012 5095 1048 5154 l.:
1079 5094 1217 5165 Sotacus,
1244 5092 1353 5155 necne
1381 5093 1452 5169 cilio
1478 5093 1574 5155 mohin
1600 5093 1700 5168 liesen,
1722 5094 1819 5155 ecco
1840 5093 1940 5168 Rufen
1962 5110 2001 5154 zu

369 5202 493 5262 venereo
513 5199 629 5262 scient
649 5203 715 5263 eine
735 5200 892 5262 metiscus
913 5199 989 5262 Siue
1010 5199 1065 5260 der
1089 5196 1299 5260 Grieehinnen
1318 5195 1592 5274 maenomenon
1612 5212 1653 5257 zu
1672 5210 1753 5274 oenc.

1829 5309 1848 5366 8
