4726 6270
415 512 454 576 26
938 509 1160 575 Enusuuus
1187 528 1208 574 u
1236 510 1409 576 Buuuuu

370 719 484 784 terum
518 715 703 783 auctorum
736 706 1040 805 appellationibus
1067 716 1245 804 repugnat
1271 717 1307 783 et
1334 709 1425 785 satis
1450 733 1525 784 rem
1553 708 1734 805 explanat.
1787 707 1871 784 Non
1896 708 2010 805 igitur

369 829 478 904 tibiae
504 837 622 904 mutae
650 838 752 904 erant
777 828 824 902 ad
851 828 1051 902 Trinummi
1078 836 1180 904 aetus
1208 835 1229 904 2
1258 852 1389 904 scenae
1416 836 1438 905 2
1466 852 1593 904 uersus
1624 834 1746 906 1-25
1767 828 1816 927 (v.
1835 829 1862 903 f.
1882 834 2006 906 276-

371 950 460 1043 300)
486 957 568 1046 post
595 949 772 1023 canticum
791 947 980 1047 Lysitelis,
1002 948 1095 1043 quod
1116 971 1261 1023 scenam
1280 949 1500 1045 superiorem
1520 950 1690 1040 continet,
1709 971 1825 1047 neque
1843 948 1882 1023 in
1900 949 2010 1025 Pseu·

369 1069 444 1144 dnli
478 1070 605 1143 ultima
640 1093 750 1144 scena
785 1070 834 1163 (u.
861 1069 888 1142 f.
921 1073 1016 1144 1285
1045 1070 1141 1165 sqq.)
1167 1078 1250 1165 post
1276 1070 1464 1161 canticum,
1499 1070 1594 1167 quod
1621 1070 1741 1146 estin
1768 1091 1878 1143 scena
1903 1091 2010 1165 paen·

368 1190 494 1263 ultima
528 1193 577 1286 (u.
614 1192 639 1264 f.
681 1188 957 1283 1246-1284),
994 1212 1109 1284 neque
1141 1189 1245 1263 initio
1278 1212 1450 1264 nouorum
1476 1199 1631 1281 actuum,
1659 1197 1849 1287 postquam
1875 1189 2010 1265 tibicen

368 1311 463 1385 assis
490 1311 589 1385 tibiis
615 1311 800 1407 paulisper
825 1309 1059 1406 praeluserat,
1092 1311 1128 1383 in
1156 1309 1329 1384 Pseuduli
1357 1334 1391 1385 u.
1420 1316 1634 1400 574-594,
1662 1313 1700 1385 in
1728 1308 1844 1385 Stichi
1869 1334 1904 1383 u.
1937 1317 2010 1386 1-

368 1438 428 1521 47,
458 1432 496 1505 in
522 1430 664 1528 Captiu.
695 1456 727 1503 u.
761 1434 967 1519 195-239,
997 1453 1123 1526 neque,
1153 1430 1223 1504 etsi
1248 1431 1370 1505 nullus
1396 1438 1524 1506 cantus
1549 1431 1710 1528 proxime
1736 1430 1942 1520 antecessit,
1971 1431 2010 1504 in

368 1551 525 1628 Oasinae
559 1561 626 1626 aot.
667 1556 688 1627 3
725 1568 835 1625 scena
869 1559 890 1627 5
919 1551 1018 1624 etin
1045 1550 1293 1624 Poenuliact.
1328 1556 1343 1626 1
1374 1573 1504 1626 scenae
1532 1557 1554 1629 2
1582 1552 1749 1627 uersibus
1776 1551 1920 1626 circiter
1946 1558 2007 1640 50,

367 1680 407 1748 ut
431 1673 522 1747 hacc
549 1672 711 1770 exempla
738 1695 757 1745 e
783 1671 975 1745 multorum
1002 1671 1106 1767 copia
1132 1671 1347 1762 indicemus;
1368 1672 1488 1747 omnia
1507 1673 1602 1747 enim
1622 1695 1829 1748 enumerare
1848 1681 2008 1746 nostrum

368 1816 463 1867 nunc
497 1817 568 1867 uon
604 1801 669 1866 cst.
726 1791 797 1867 Sed
832 1792 925 1887 quod
955 1792 1061 1866 modo
1088 1792 1336 1867 contendimus
1363 1792 1638 1889 explicationem
1664 1802 1823 1867 nostram
1849 1814 1921 1866 non
1946 1814 2008 1887 pu·

368 1937 480 2010 gnare
508 1937 587 1988 cum
614 1921 771 1988 ueterum
799 1912 1077 2002 definitionibus,
1107 1935 1213 1986 secus
1234 1936 1316 1987 csse
1336 1936 1511 1988 nonnemo
1531 1912 1673 2002 dixerit,
1695 1913 1756 2009 qui
1775 1913 1870 1987 hunc
1889 1913 2008 1987 locum

368 2034 502 2108 Donati
528 2035 565 2109 in
593 2033 837 2129 superioribus
864 2033 1056 2128 prolatum:
1086 2029 1265 2109 Dinerbia
1292 2029 1489 2108 histriones
1503 2030 1804 2132 pronuntiabant.
1855 2029 2009 2109 Cantica

367 2176 452 2230 nero
488 2152 781 2253 temperabantur
814 2150 933 2228 modis
968 2176 997 2226 e.
1034 2176 1068 2250 q.
1106 2176 1136 2227 s.
1172 2153 1383 2227 meminerit.
1438 2154 1564 2250 Neque
1597 2177 1771 2249 negamus
1804 2154 2007 2251 opinionem

366 2283 525 2348 nostram
560 2274 681 2348 uerbis
715 2274 817 2347 hisce
851 2272 997 2361 Donati,
1025 2281 1065 2346 ut
1092 2295 1186 2347 nune
1211 2273 1397 2363 habentur,
1426 2296 1636 2371 repugnare·
1654 2274 1781 2365 uideri,
1808 2274 2007 2349 sententiae

366 2403 484 2468 autem
521 2395 611 2489 ejus,
649 2394 767 2490 qualis
795 2416 877 2468 esse
904 2391 1026 2467 debuit
1053 2400 1098 2480 et,
1127 2392 1164 2466 id
1191 2394 1285 2491 quod
1312 2395 1494 2491 posterius
1520 2417 1566 2469 ex
1592 2395 1753 2491 ejusdcm
1779 2395 2007 2491 praefationi·

365 2516 434 2589 bus
460 2515 700 2604 ostendemus,
728 2514 807 2603 fuir,
834 2513 1019 2589 aduersari
1045 2513 1189 2589 minime
1216 2515 1454 2591 concedimus.
1508 2515 1552 2590 In
1578 2515 1701 2590 libello
1727 2515 1863 2591 Donati
1885 2516 1929 2590 de
1951 2539 2006 2591 co·

365 2636 505 2711 moedia
532 2637 704 2709 lacunosa
731 2643 767 2711 et
793 2634 967 2722 mutilato,
996 2634 1137 2729 qualem
1164 2657 1246 2710 cese
1273 2659 1377 2710 nemo
1403 2660 1539 2733 gnarus
1557 2636 1778 2728 initiabitur,
1799 2637 1846 2710 ad
1866 2637 2007 2711 cantica

365 2757 566 2831 referuntur
593 2757 722 2845 omnia,
759 2777 849 2849 quae
877 2761 960 2829 sunt
986 2754 1030 2827 de
1056 2754 1172 2829 modis
1198 2756 1347 2830 musicis
1373 2756 1634 2832 comoediarum
1649 2758 1700 2853 *);
1736 2765 1774 2830 at
1801 2780 1886 2831 uero
1912 2757 2006 2831 siout

366 2877 471 2951 etiam
508 2878 601 2951 inter
633 2886 734 2952 aetus
761 2883 888 2951 cantus
914 2874 1081 2950 tibiarum
1107 2876 1185 2963 suit,
1214 2877 1264 2950 ita
1291 2877 1441 2951 eundem
1467 2879 1514 2951 ad
1541 2878 1703 2952 diverbia
1728 2878 1901 2973 quaedam
1928 2902 2004 2974 per·

365 2997 518 3071 tinuisse
553 2996 709 3082 credere,
746 3017 818 3071 nou
853 2995 954 3071 laesa
985 2995 1197 3071 auctoritate
1228 2997 1462 3092 antiquitatis,
1490 2998 1623 3075 licebit.
1656 3041 1697 3052 -
1729 2997 1893 3089 Quodsi
1920 3008 2006 3073 sunt

365 3118 402 3191 in
429 3116 623 3194 comoediis
651 3114 841 3210 colloquia,
879 3137 969 3209 quae
997 3113 1163 3191 diverbia
1189 3114 1242 3192 ad
1265 3115 1376 3193 tibias
1401 3116 1588 3193 modulata
1614 3127 1711 3193 recte
1738 3142 1918 3208 vocemus,
1947 3143 2004 3194 cx-

365 3238 505 3333 quirere
541 3237 679 3326 attinet,
717 3237 834 3311 sintne
869 3234 915 3310 ad
950 3235 1019 3311 hoo
1052 3235 1147 3310 idem
1182 3259 1298 3331 genus
1330 3237 1568 3313 diuerbiorum
1594 3239 1774 3313 referendi
1800 3240 1905 3314 etiarn
1933 3239 2004 3313 loci

364 3359 506 3454 quidam
535 3382 579 3431 eu
605 3380 752 3435 numero
780 3380 911 3446 eorum,
940 3356 1002 3434 ubi
1027 3356 1106 3452 ipse
1134 3379 1255 3431 seeum
1281 3357 1412 3454 aliquis
1439 3359 1607 3455 loquitur,
1636 3367 1675 3433 ut
1700 3360 1790 3433 haec
1813 3360 2005 3457 soliloquia

364 3479 410 3554 ed
436 3478 561 3553 modos
588 3479 745 3553 musicos
771 3477 1000 3574 pronuntiata
1026 3499 1098 3553 non
1124 3476 1205 3553 ideo
1233 3477 1306 3551 siut
1324 3479 1475 3568 cantica,
1497 3479 1561 3553 sed
1579 3479 1722 3554 nomine
1741 3479 1894 3553 diverbii
1912 3503 2003 3554 com·

364 3599 628 3696 prehendenda.
669 3597 864 3676 Diomedes
892 3598 1024 3673 diserto
1052 3603 1088 3671 ct
1114 3597 1220 3692 plane
1248 3597 1335 3672 dicit
1360 3598 1461 3689 illud,
1489 3599 1584 3695 quod
1606 3600 1682 3695 jam
1704 3599 1902 3674 attulimus:
1930 3598 2003 3676 La·

365 3719 463 3796 tinae
498 3718 611 3817 igitar
646 3715 857 3794 comoediae
886 3760 930 3771 -
961 3760 1003 3772 -
1032 3757 1083 3775 ··-
1111 3712 1252 3792 dnobus
1277 3715 1447 3793 menbris
1473 3723 1607 3793 tantane
1634 3725 1811 3811 constant,
1839 3716 2002 3796 diverbia

364 3847 401 3914 et
424 3839 585 3926 cantico;
612 3862 728 3934 noque
755 3837 791 3913 id
817 3838 911 3911 falso
938 3845 999 3916 aut
1024 3861 1151 3934 parum
1178 3847 1342 3916 accurate
1365 3838 1485 3914 dicere
1503 3840 1684 3935 putandus
1704 3849 1770 3931 cst,
1793 3840 1877 3936 quia
1895 3840 2003 3915 ctiam

362 3960 528 4034 Donatus
563 3983 635 4034 non
668 3959 741 4036 alia
775 3981 881 4055 quum
915 3957 1004 4033 haec
1037 3958 1107 4038 duo
1144 3960 1302 4036 membra
1336 3959 1541 4036 comoediae
1568 3961 1770 4056 distinguit,
1799 3970 1835 4035 et
1860 3961 2001 4050 Liuius,

363 4089 551 4177 postquam
587 4079 777 4171 canticam,
814 4087 849 4153 et
875 4077 1051 4173 quomodo
1078 4078 1114 4151 id
1141 4100 1251 4173 agere
1278 4078 1459 4176 coepisset
1484 4080 1724 4170 Andronicus,
1753 4104 2001 4155 commemora·

363 4202 424 4292 uit,
461 4200 561 4274 addit
596 4197 760 4275 diverbia
795 4205 932 4278 tantum
964 4197 1124 4295 ipsorum
1156 4198 1369 4274 histrionum
1402 4201 1483 4279 uoci
1512 4202 1663 4298 posthac
1691 4224 1772 4275 esse
1798 4201 1926 4276 relicta
1952 4205 2000 4296 (u.

363 4344 473 4417 supra
508 4344 543 4417 p.
573 4325 621 4396 20
649 4327 767 4393 annot.
798 4323 846 4412 2).
903 4316 1001 4394 Satis
1036 4317 1148 4412 igitur
1182 4327 1333 4414 apparet
1364 4328 1507 4395 ueteres
1538 4320 1639 4415 ipsos
1666 4320 1820 4394 diverbii
1846 4320 2002 4417 appella

361 4441 458 4516 tione
494 4441 700 4537 complexos
727 4461 808 4513 esse
836 4439 945 4513 etiam
971 4462 1015 4513 ea
1041 4438 1242 4534 soliloquia,
1271 4463 1363 4536 quae
1389 4439 1530 4514 cantica
1554 4461 1626 4513 non
1653 4448 1775 4513 essent
1788 4440 1856 4531 ml),
1885 4462 2002 4537 quem·

463 4666 494 4742 ⁴)
519 4669 623 4742 Itaque
643 4667 672 4724 in
696 4665 746 4724 illa
767 4664 984 4724 enuistiationc:
1013 4664 1188 4740 Agebantur
1211 4673 1309 4725 antem
1331 4664 1410 4725 tibiis
1424 4663 1555 4741 paribus
1577 4672 1631 4725 aut
1651 4663 1815 4740 imparibus
1836 4671 1866 4723 et
1887 4666 2002 4727 aestro

361 4779 415 4832 ant
432 4773 560 4831 1111111νὶ1
582 4773 625 4840 (v.
649 4787 740 4845 supra
763 4785 792 4843 p.
817 4769 834 4826 5
859 4769 931 4843 sq).
955 4786 1031 4843 qvae
1049 4769 1241 4844 subsequitur
1256 4767 1341 4838 hanc,
1359 4766 1396 4825 de
1413 4785 1471 4841 qua
1486 4784 1552 4828 mox
1569 4766 1800 4842 disputabimus:
1824 4767 2002 4841 Hanurmodi

361 4876 438 4934 adeo
467 4874 606 4933 carmina
635 4874 679 4932 ad
705 4870 795 4931 tibias
818 4870 942 4941 fiebant,
973 4878 1003 4930 11
1030 4889 1106 4947 quae
1128 4877 1198 4932 sunt
1220 4871 1343 4946 reliqua.
1367 4870 1533 4929 sententiae
1555 4870 1720 4947 subjectum
1741 4870 1851 4930 rectius
1872 4869 2001 4931 fortasse

359 4977 535 5053 intelligitur
556 4978 702 5044 carmina,
726 4993 814 5051 quam
837 4976 1004 5051 suppletur,
1027 4975 1105 5035 sieut
1128 4974 1271 5034 fecicum
1294 4973 1368 5043 aliis,
1388 4972 1531 5052 sabatae·
1554 4973 1635 5049 quod
1653 4974 1794 5049 imprimis
1809 4981 1879 5050 post
1895 4975 2000 5035 lectam

359 5098 424 5141 eam
447 5080 673 5144 enarrationem.
697 5078 735 5138 ad
759 5096 846 5154 qvam
869 5077 916 5139 hio
939 5080 1079 5138 lectorem
1101 5077 1315 5153 delegavimus.
1338 5076 1478 5137 contendi
1499 5077 1620 5154 poterit.

462 5182 511 5261 ”l
534 5183 599 5243 Hoc
623 5181 701 5241 dicto
723 5181 793 5240 nihil
818 5182 888 5242 novi
912 5181 1079 5242 extulimus.
1125 5178 1248 5254 Grysari
1270 5177 1344 5238 hacc
1364 5184 1434 5238 sunt
1454 5181 1499 5257 (p.
1525 5184 1596 5247 371,
1620 5185 1721 5240 annot.
1748 5183 1794 5258 ll:
1818 5180 2000 5257 811111111-
