4726 6270
466 556 507 622 68
1000 558 1222 625 Ennianus
1249 579 1271 626 n
1296 559 1470 626 Buuunn

422 754 572 850 primum
608 778 653 829 ex
686 755 836 830 aedibus
872 756 960 831 exiit
994 757 1138 848 domini,
1174 780 1279 854 qvem
1309 758 1400 832 foris
1426 764 1602 833 astantem
1629 780 1700 833 non
1726 758 1913 855 conspicit,
1940 767 2052 835 metro

421 875 598 948 concitato
633 883 668 950 et
702 877 851 968 variato,
885 885 924 951 ut
953 879 1091 952 cantico
1117 877 1419 953 accommodatum
1446 878 1505 966 sit,
1532 898 1641 951 sensa
1666 877 1777 951 animi
1802 878 1973 969 enuntiat,
2001 879 2052 953 in·

420 995 642 1093 terloqvente
670 998 781 1071 semel
811 1039 855 1052 -
884 1004 923 1072 ut
948 1006 1108 1095 apparet,
1135 998 1183 1072 ad
1209 998 1317 1072 tibias
1347 1040 1391 1053 -
1421 994 1577 1071 Simone.
1622 996 1763 1072 Versus
1783 997 1854 1072 huc
1874 998 2052 1094 pertinen·

420 1123 476 1190 tes
503 1117 642 1211 (ct-12
671 1138 722 1190 sc.
755 1122 768 1192 1
802 1125 870 1191 act.
899 1123 934 1207 2,
962 1126 1045 1192 ante
1071 1119 1326 1194 correctionem
1350 1116 1583 1192 Fleckeiseni
1608 1139 1659 1192 sc.
1688 1123 1711 1194 2
1738 1123 1808 1193 aot.
1839 1123 1872 1208 1,
1894 1161 1946 1172 -
1967 1142 2001 1192 v.
2023 1120 2049 1192 f.

424 1237 634 1332 175—183)
661 1236 699 1310 hi
725 1245 825 1311 sunt:

419 1422 500 1497 DA.
548 1420 730 1518 Mirabar,
757 1425 827 1503 leuc
850 1425 886 1503 ai
911 1427 966 1503 sic
991 1424 1126 1503 abiret:
1152 1430 1193 1503 e't
1215 1425 1271 1502 eri
1295 1448 1439 1527 suuper
1463 1424 1597 1502 linitus

554 1539 728 1639 Verebar,
756 1567 925 1644 quorsum
952 1544 1143 1622 enodaret:

551 1661 624 1754 Oai
643 1667 837 1765 postquam
863 1663 1046 1759 andierat,
1071 1667 1142 1741 non
1169 1663 1291 1742 dotum
1317 1665 1367 1741 iri
1387 1665 1474 1761 silio
1501 1667 1653 1742 uxorum
1678 1686 1759 1759 suo,

546 1781 749 1884 Nimpuum
775 1785 969 1885 quoiquam
994 1787 1154 1863 nocuum
1180 1785 1328 1862 ncrbnm
1350 1785 1449 1881 fucit
1471 1808 1589 1884 nepae
1615 1782 1658 1860 id
1681 1788 1796 1883 ueprc'
1821 1785 1911 1862 alit.

420 1899 476 1978 SI.
545 1884 592 1979 At
613 1927 708 1979 nnnc
728 1904 859 2000 saciet,
884 1907 1016 2003 nc‘pue,
1042 1911 1083 1981 nt
1106 1904 1249 2005 opinor,
1274 1905 1353 1980 suine
1378 1911 1439 1980 tuo
1464 1905 1596 2003 ntupno
1620 1904 1728 1981 mulo.

418 2022 500 2097 DA.
544 2020 598 2099 Id
622 2024 748 2116 uoluit,
773 2046 842 2101 nor
866 2023 922 2101 sic
947 2027 1016 2100 noc
1043 2023 1224 2125 opinantis
1250 2023 1336 2101 diui
1355 2025 1459 2120 sulco
1484 2022 1637 2123 pannio,

545 2139 738 2243 Spartiatis
764 2144 837 2219 ium
864 2144 982 2220 umato
1007 2151 1115 2237 metu,
1142 2144 1283 2220 intereo
1309 2144 1497 2221 oscitantis
1523 2144 1691 2246 opprimi,

552 2260 597 2338 Vt
618 2287 665 2338 ne
691 2266 791 2339 isset
812 2263 968 2364 spolium
994 2262 1179 2362 cogitandi
1205 2263 1257 2340 od
1281 2261 1539 2341 disturbandas
1563 2263 1727 2366 nuptias:

543 2380 694 2459 Asinio!
730 2383 787 2459 SI.
824 2381 1016 2480 Ournnse'x
1033 2407 1128 2483 puae
1145 2384 1328 2483 loquitur?
1357 2385 1439 2461 DA.
1471 2372 1567 2460 liras
1583 2389 1650 2478 est,
1668 2406 1785 2483 nepae
1796 2382 2043 2484 pronianum.

416 2572 460 2645 In
495 2578 625 2664 astute,
659 2596 765 2669 qvam
800 2573 1093 2647 exclamationem
1125 2582 1187 2668 „et
1211 2581 1318 2671 gestu
1344 2581 1381 2649 et
1405 2573 1506 2648 vultu
1533 2573 1658 2648 servili
1684 2580 1719 2648 et
1745 2595 1825 2647 cum
1850 2573 2047 2669 agitatione

417 2692 570 2788 capitis“
596 2693 771 2788 prolatam
800 2715 880 2768 esse
906 2694 1070 2794 Donatus
1096 2701 1228 2784 narrat,
1257 2694 1457 2768 clarissimo
1484 2716 1564 2768 cum
1590 2716 1679 2768 sono
1700 2693 1809 2767 tibias
1832 2693 2047 2769 conticuisse

417 2818 454 2885 et
487 2811 625 2908 reliqva
659 2812 820 2908 ejusdem
854 2835 982 2888 versus
1017 2814 1094 2888 sine
1129 2814 1229 2888 tibiis
1263 2814 1492 2911 pronuntiata
1524 2835 1605 2887 esse
1630 2813 1787 2910 intelligi
1812 2819 1942 2909 potest.
1996 2813 2047 2887 Hi

416 2953 555 3023 versus,
593 2933 721 3028 quibus
753 2933 891 3023 Davus,
925 2955 1052 3007 servus
1078 2941 1244 3008 versutus
1271 2941 1306 3008 et
1332 2934 1496 3024 callidus,
1525 2934 1712 3024 secundus,
1740 2940 1781 3008 nt
1805 2933 1970 3007 Donatus
1996 2932 2046 3006 di·

415 3052 475 3140 cit,
512 3052 550 3126 in
584 3052 707 3127 fabula
740 3060 861 3150 partes
894 3060 1032 3144 tenens,
1068 3053 1202 3149 primas
1232 3061 1375 3129 tenente
1408 3052 1564 3144 Simone,
1598 3054 1724 3129 tertias
1750 3052 1949 3142 Chremeta
1976 3053 2046 3149 pri·

415 3195 511 3246 mum
545 3173 770 3266 „insinuatur
800 3174 1072 3270 spectatoribus,
1100 3174 1211 3248 multa
1236 3179 1431 3270 gesturus“
1458 3174 1583 3273 (verba
1608 3181 1693 3249 sunt
1718 3174 1878 3270 Donati),
1904 3173 2046 3270 paucio·

415 3314 474 3366 res
508 3300 627 3367 tamen
661 3293 877 3384 viderentur,
913 3317 1019 3390 qvam
1054 3316 1144 3390 qvos
1178 3295 1354 3368 canticum
1381 3317 1462 3368 esse
1488 3302 1705 3391 putaremus,
1733 3294 1805 3368 nisi
1830 3302 1914 3391 post
1939 3293 2046 3368 collo

415 3413 534 3509 qvium
571 3412 727 3489 Simonis
764 3421 799 3490 et
833 3414 930 3490 Davi
954 3414 1108 3489 facetum
1134 3437 1201 3489 nec
1226 3415 1277 3489 ita
1302 3415 1450 3510 longum
1475 3437 1498 3487 a
1524 3436 1640 3505 servo,
1669 3414 1746 3488 solo
1772 3413 1909 3503 relicto,
1936 3413 2045 3487 conti·

415 3542 593 3608 nuaretur.
646 3535 751 3609 Nunc
786 3557 871 3608 vero
907 3534 968 3630 qvi
1002 3533 1205 3609 considerat
1238 3541 1356 3609 actum
1391 3533 1585 3608 secundum
1620 3534 1826 3608 distinctum
1858 3533 1912 3606 sic
1944 3555 2042 3608 csse:

414 3677 542 3729 versus
571 3660 768 3731 172-174
798 3654 1007 3744 diverbium,
1039 3659 1237 3731 tus-183
1265 3654 1442 3729 canticum
1468 3677 1546 3728 cum
1573 3653 1744 3744 diverbio,
1772 3657 1970 3730 183-205
1994 3650 2044 3727 di·

414 3775 584 3864 verbium,
620 3779 820 3851 too-214
848 3775 1036 3865 canticum,
1065 3778 1265 3851 215-235
1294 3774 1504 3864 divertium,
1533 3778 1734 3851 236-266
1761 3773 1937 3848 canticum
1963 3795 2043 3847 cum

414 3893 585 3983 diverbio,
615 3899 816 3971 tut—300
843 3895 1052 3985 diverbium,
1079 3894 1260 3969 recordari
1286 3895 1392 3969 debet
1416 3893 1506 3969 illud
1533 3894 1667 3968 Donati
1693 3893 1737 3969 de
1756 3893 1825 3967 hac
1843 3892 2041 3968 comoedia:

414 4013 610 4104 „diverbiis
637 4020 673 4087 et
698 4013 849 4088 canticis
875 4013 995 4109 lepide
1021 4014 1191 4089 distincta
1209 4019 1299 4089 est“.
1341 4015 1425 4091 ,lam
1444 4015 1662 4111 qvaerimus:
1681 4037 1762 4089 cum
1779 4014 1894 4110 primo
1912 4013 1950 4087 in
1969 4034 2042 4088 sce·

412 4155 493 4207 uam
519 4133 667 4208 introitu
693 4142 729 4208 et
754 4157 834 4208 cum
859 4134 985 4231 primis
1004 4134 1293 4210 meditationibus
1312 4135 1523 4209 veteratoris
1543 4134 1700 4225 audacis,
1722 4134 1782 4232 qvi
1799 4134 1902 4208 dolos
1919 4133 1957 4207 in
1974 4132 2042 4207 hac

335 4256 336 4260 '
410 4254 533 4329 fabula
558 4255 749 4351 componit,
782 4278 899 4330 nonne
925 4262 1027 4330 acute
1054 4272 1187 4330 sonans
1212 4254 1382 4330 alacritas
1407 4255 1574 4330 tibiarum
1600 4255 1803 4330 dextrarum
1830 4253 2041 4349 congruisse

412 4374 584 4450 rideatur.
638 4373 816 4471 Congruit
842 4397 939 4466 sane,
968 4397 1083 4473 neqve
1104 4398 1184 4450 oum
1204 4398 1247 4450 eo
1266 4382 1403 4449 tantum
1421 4375 1620 4471 soluoqvio,
1644 4375 1737 4472 qvod
1755 4374 1950 4463 attulimus,
1969 4393 2041 4467 qvo

410 4501 568 4570 astutum
601 4517 723 4570 senem
754 4494 851 4569 haud
876 4495 992 4570 levior
1016 4495 1150 4570 astutia
1175 4496 1274 4570 velut
1298 4495 1345 4570 ad
1371 4503 1550 4570 certamen
1575 4503 1756 4592 provocat,
1783 4516 1907 4569 verum
1933 4491 2040 4567 etiam

409 4636 488 4689 cum
514 4616 581 4690 hoc
607 4615 721 4690 altero
747 4615 854 4705 servi,
880 4615 1030 4691 firmiter
1055 4616 1224 4691 resistere
1250 4615 1474 4691 decernentis
1500 4637 1617 4713 neqve
1643 4615 1713 4691 sibi
1739 4613 1950 4691 diffidentis:

612 4786 721 4863 Enim
748 4790 852 4880 noro,
879 4784 1000 4881 Duae,
1025 4787 1080 4863 nil
1102 4786 1211 4864 locist
1232 4784 1410 4885 nequitiae
1434 4808 1553 4886 nepae
1577 4784 1785 4880 socordiae,

615 4903 794 4999 Quonam
820 4906 984 4983 intellexi
1008 4904 1115 4984 modo
1140 4906 1242 4983 aenis
1265 4905 1480 4983 sententiam
1507 4904 1553 4983 de
1577 4905 1733 5007 nuptiis:

408 5083 442 5151 et
467 5100 557 5172 qvae
584 5086 669 5152 sunt
694 5077 841 5174 reliqna,
896 5078 1013 5174 Atqvc
1039 5077 1098 5151 his
1124 5077 1232 5153 rebus
1258 5100 1338 5152 cum
1363 5079 1421 5171 iis,
1450 5102 1539 5176 qvas
1565 5102 1611 5153 ex
1636 5078 2037 5154 Heautontimorumeno

406 5196 629 5292 protulimus,
657 5198 760 5294 cujus
784 5199 929 5273 fabulae
954 5197 1178 5273 fallaciarum
1204 5199 1400 5275 architecto
1420 5197 1515 5298 Syro
1534 5221 1673 5274 summu
1690 5221 1770 5275 cum
1791 5197 1896 5275 Davo
1914 5197 2036 5273 simili·
