4726 6270
407 481 449 546 34
943 473 1165 539 Eouannus
1190 491 1212 537 s
1238 472 1414 537 Reunia.

362 701 482 754 sarum
516 679 564 773 (p.
603 680 672 752 371
711 696 777 770 sq,
814 696 895 746 ann.
932 672 982 763 2),
1020 693 1168 767 quorum
1202 678 1322 745 tamen
1355 669 1430 760 ille,
1467 668 1674 744 cautissime
1695 668 1875 765 judicans,
1903 669 1994 744 haec
2102 739 2113 765 ,

361 800 471 874 uerba
497 796 677 893 explicatu
702 793 793 867 adeo
819 791 982 866 difficilia
1007 813 1089 866 esse
1116 791 1176 880 ait,
1206 798 1269 882 „ut
1295 789 1556 888 desperandum
1581 788 1641 880 sit,
1663 790 1809 885 anquis
1830 812 1995 886 umquam

361 919 502 1016 plenius
529 924 565 991 et
591 914 791 989 accuratius
819 935 964 989 sensum
990 911 1163 1008 indagare
1189 910 1342 1007 possit.“
1395 909 1659 984 Animaduertit
1678 917 1797 984 autem
1815 911 1997 986 Donatum

362 1038 521 1133 eJusdem
552 1036 604 1111 rei
638 1033 842 1108 meminisse
868 1032 906 1107 in
932 1031 1154 1128 praefatione
1180 1031 1225 1105 ad
1252 1030 1476 1119 Eunuchum,
1505 1029 1566 1104 ubi
1592 1028 1683 1103 haec
1709 1030 1893 1126 leguntur:
1934 1025 1996 1104 Di-

362 1156 486 1233 verbia
512 1156 622 1230 malta
648 1177 761 1254 saepe
776 1150 1031 1252 pronuntiata,
1058 1156 1096 1225 et
1119 1150 1263 1226 cartica
1287 1172 1401 1250 saepe
1418 1147 1564 1224 metatis
1583 1146 1702 1224 modio
1721 1146 1885 1225 exhibita
1901 1153 1995 1224 svnt.

362 1279 499 1353 Neutro
534 1276 614 1350 loco
650 1271 815 1349 diverbia
847 1270 976 1347 erebro
1012 1270 1035 1344 l.
1072 1292 1183 1369 saepe
1208 1268 1450 1370 pronuntiata
1484 1267 1642 1364 intelligi
1666 1267 1777 1343 licere
1803 1268 1998 1365 saepiusa

354 1386 541 1472 'reuocatis
566 1393 799 1467 histrionibus
826 1391 988 1486 repetita,
1018 1413 1095 1463 cum
1124 1389 1333 1487 praesertim
1361 1388 1445 1463 talis
1474 1410 1665 1464 successus
1684 1387 1796 1462 semel
1815 1388 1997 1485 pluriesue

361 1515 475 1590 habiti
501 1513 670 1588 memoria
695 1511 785 1584 nihil
811 1511 857 1584 ad
882 1518 1090 1607 perpetuam
1110 1509 1394 1606 designationem
1414 1508 1687 1597 comoediarum,
1708 1531 1813 1606 quam
1833 1516 1997 1603 spectare

362 1635 633 1730 grammaticum
667 1633 713 1705 ad
749 1631 934 1727 Adelphos
968 1638 1131 1726 apertum
1165 1637 1230 1718 est,
1266 1628 1462 1725 pertineret
1495 1651 1563 1702 nec
1597 1635 1722 1724 posset
1754 1651 1796 1702 eo
1828 1628 1996 1703 modain

361 1756 465 1829 libris
500 1753 647 1827 inscribi
682 1759 743 1824 aut
778 1751 852 1824 illis
887 1750 1107 1846 compendiis
1143 1749 1316 1838 denotari,
1347 1748 1442 1824 idem
1475 1748 1576 1823 uidit.
1631 1747 1800 1824 Ceterum
1827 1744 1864 1822 D
1892 1757 1928 1822 et
1953 1744 2000 1824 M

363 1876 501 1949 litteras
527 1874 767 1968 interpretans
795 1868 959 1946 diverbia
984 1875 1132 1962 mutata,
1159 1868 1337 1944 excidisse
1362 1868 1517 1943 fortasse
1543 1875 1693 1962 utroque
1719 1868 1799 1941 loco
1819 1876 1903 1963 post
1921 1890 1996 1944 ere·

365 1994 431 2070 bro
459 1997 494 2068 et
519 2015 630 2091 saepe
656 1992 765 2065 uerba
785 2013 856 2090 per
881 1989 1123 2081 mutationem,
1150 2012 1240 2085 qvae
1267 1989 1300 2062 si
1327 1994 1520 2077 exstarent,
1547 1987 1682 2062 nullam
1707 1988 1862 2062 sunnam
1882 1989 1997 2064 fuisse

365 2114 628 2201 obscuritatem,
656 2135 751 2186 nunc
777 2117 896 2184 autem
921 2108 1035 2183 nihilo
1060 2109 1177 2183 minas
1204 2109 1248 2183 de
1274 2107 1468 2198 eeleritate,
1495 2108 1686 2204 grauitate,
1714 2107 1940 2183 vehementia
1959 2108 1998 2182 in

363 2235 534 2309 diverbiis
569 2231 842 2328 pronuntiandis
879 2229 977 2303 uarie
1011 2229 1172 2303 adhibita
1197 2229 1426 2325 cogitandum
1453 2250 1535 2302 esse
1562 2228 1689 2303 credit:
1717 2229 1866 2324 proinde
1893 2228 1998 2325 quasi

363 2354 447 2428 talis
478 2376 537 2428 res
568 2374 640 2426 non
665 2351 878 2425 histrionum
905 2348 974 2422 arti
1000 2349 1243 2444 relinquenda,
1272 2348 1336 2423 sed
1361 2348 1408 2422 iis
1434 2348 1473 2421 in
1498 2347 1676 2443 principio
1703 2370 1889 2423 scenarum
1915 2371 1997 2443 qua·

363 2473 524 2561 randam,
553 2492 765 2568 quamquam
791 2470 829 2543 in
855 2468 1020 2542 omnibus
1045 2468 1186 2543 actione
1212 2475 1343 2565 arguta
1361 2489 1451 2563 opus
1473 2473 1560 2556 erat,
1582 2465 1861 2541 commendanda
1877 2466 1996 2542 fuerit.

363 2593 465 2668 Libri
491 2593 601 2665 uerba
625 2591 826 2665 fabularum
852 2588 1073 2664 scenicarum
1093 2588 1317 2662 continentes
1337 2609 1408 2660 non
1427 2586 1544 2682 magis
1563 2593 1755 2681 potuerunt
1771 2586 1997 2661 histrioniam

364 2711 577 2808 praeceptis,
614 2710 824 2806 praesertim
859 2718 931 2783 tam
966 2707 1195 2804 generalibus
1230 2730 1345 2803 neque
1379 2706 1425 2779 ad
1460 2705 1626 2800 singulos
1660 2727 1788 2780 uersus
1814 2706 1996 2802 ascriptis,

364 2831 551 2920 moderari,
580 2852 685 2926 quam
711 2837 815 2903 notas
840 2828 1008 2918 musicas,
1036 2851 1184 2923 quarum
1210 2825 1366 2922 separati
1391 2825 1507 2899 libelli
1532 2824 1628 2899 haud
1654 2825 1761 2900 dubie
1783 2835 1894 2917 erant,
1918 2826 1996 2900 tibi-

365 2952 437 3027 cini
464 2959 500 3027 et
525 2952 663 3025 cantori
688 2950 867 3040 exhibere,
896 2947 961 3023 sed
987 2970 1068 3022 cum
1093 2947 1185 3044 ipsis
1211 2946 1332 3020 uerbis
1357 2945 1404 3019 ad
1431 2952 1547 3020 certas
1572 2968 1747 3042 personas
1776 2946 1900 3021 relatis
1922 2955 1997 3021 tan·

364 3080 438 3147 tum
474 3071 648 3167 ejusmodi
684 3069 961 3167 descriptionem
995 3068 1149 3166 partium
1180 3066 1323 3140 fabulae
1352 3087 1562 3161 proponere,
1590 3073 1630 3140 ut
1655 3066 1773 3156 etiam,
1801 3066 1863 3141 ubi
1888 3067 1997 3141 canti·

366 3215 446 3266 cum
478 3200 586 3282 esset,
623 3192 683 3266 ubi
717 3191 895 3264 cauticum
929 3189 1075 3264 mutatis
1101 3187 1228 3277 modis,
1255 3188 1317 3261 ubi
1344 3186 1539 3261 diverbium
1563 3185 1611 3260 ad
1635 3187 1743 3261 tibias
1769 3187 1996 3283 pronuntian-

366 3312 459 3401 dum,
493 3310 703 3384 indicarent.
761 3310 886 3405 Neque
916 3309 1056 3383 felicior
1082 3308 1119 3381 in
1145 3330 1231 3381 uero
1257 3306 1467 3402 reperiendo
1492 3305 1560 3380 fuit
1586 3305 1784 3404 Grysarus.
1838 3305 1911 3397 Qui
1935 3329 1997 3402 pu·

364 3439 427 3520 tat,
456 3439 495 3505 at
520 3432 558 3505 in
585 3430 735 3505 canticis
760 3429 1004 3525 Adelphorum
1030 3436 1065 3503 et
1092 3427 1258 3502 Eunuchi
1282 3426 1543 3500 multitudinem
1565 3426 1748 3500 modorum
1770 3427 1995 3516 musicorum,

364 3553 416 3627 ita
449 3551 487 3626 in
522 3575 642 3626 earum
668 3550 869 3625 fabularum
895 3548 1067 3623 diverbiis
1093 3547 1219 3622 horum
1244 3546 1504 3621 multitudinem
1531 3569 1832 3643 personarumque
1859 3547 1996 3621 uicissi-

365 3672 508 3747 tudines
541 3670 680 3745 laudari
715 3669 810 3766 apud
844 3669 1036 3758 Donatum,
1071 3690 1186 3763 neque
1216 3667 1255 3740 in
1281 3666 1474 3741 comoediis
1502 3689 1544 3740 eo
1569 3666 1661 3756 loco,
1689 3667 1752 3740 ubi
1777 3689 1886 3741 scena
1910 3667 1996 3741 inci·

365 3800 477 3888 peret,
504 3814 569 3888 per
594 3788 632 3866 I)
660 3798 695 3864 et
722 3786 767 3865 M
791 3790 1072 3884 (interpretatum
1101 3785 1267 3863 diverbia
1291 3785 1459 3877 mutavit)
1485 3786 1583 3861 aliud
1605 3787 1797 3883 quidquam
1816 3786 1996 3883 significa·

365 3919 439 3985 tum
466 3935 547 3986 esse
574 3935 679 4008 quam
706 3933 819 3984 nouae
845 3932 975 3983 scenae
1000 3907 1152 3982 initium.
1205 3907 1338 3983 Videat
1364 3928 1448 3980 uero
1475 3894 1625 4002 oportet,
1660 3906 1799 4001 siquis
1825 3907 1996 3982 attentius

365 4031 499 4106 Donati
525 4032 635 4105 uerba
661 4031 707 4104 ad
732 4029 918 4125 Adelphos
945 4027 1214 4123 contemplatur,
1242 4049 1314 4100 non
1337 4026 1384 4116 id,
1405 4034 1445 4100 ut
1463 4026 1598 4122 aliquid
1616 4025 1771 4122 insigne,
1793 4026 1871 4100 siue
1889 4027 1996 4102 Adel·

364 4152 447 4250 phis
474 4152 552 4226 siue
578 4151 616 4226 in
642 4151 847 4224 uniuersum
873 4147 1065 4222 comoediis
1091 4146 1254 4222 Terentii
1275 4145 1394 4234 tribui,
1415 4145 1509 4242 quod
1529 4146 1684 4220 omnium
1703 4146 1902 4222 fabularum
1922 4169 1995 4222 sce·

364 4274 525 4347 nicarum
560 4295 743 4346 commune
779 4279 865 4360 erat,
903 4280 941 4343 ut
971 4268 1143 4342 uarietate
1170 4289 1358 4342 scenarum
1385 4266 1575 4340 distinctae
1602 4274 1738 4355 essent;
1767 4266 1831 4342 sed
1857 4268 1895 4341 in
1921 4289 1996 4341 ora·

364 4393 471 4468 tionis
498 4400 620 4468 tenore
647 4391 885 4466 diuerbiorum
912 4389 1035 4464 crebro
1061 4387 1366 4484 pronuntiatorum
1392 4387 1605 4461 mentionem
1632 4387 1686 4462 sio
1711 4387 1879 4482 injectam
1901 4409 1994 4478 csse,

364 4520 404 4588 ut
428 4511 518 4587 haec
543 4535 603 4586 res
629 4534 723 4585 nexa
749 4510 797 4584 sit
823 4508 939 4584 exiis
966 4506 1012 4581 ad
1038 4530 1150 4604 eaque
1176 4507 1363 4604 pertineat,
1398 4530 1488 4604 quae
1515 4514 1597 4580 ante
1622 4514 1817 4582 memorata
1841 4513 1925 4581 sunt
1950 4505 1996 4581 de

366 4624 517 4708 canticis
550 4631 710 4705 variatis.
763 4629 820 4704 Ne
855 4628 969 4725 plura,
1005 4650 1051 4702 ex
1083 4627 1169 4717 illis,
1205 4650 1297 4722 quae
1332 4627 1376 4701 de
1412 4626 1584 4701 diverbiis
1609 4627 1801 4702 modulatis
1827 4626 1994 4716 dimmus,

365 4752 592 4848 perspicuum
617 4751 677 4825 hic
699 4751 775 4847 jam
803 4771 884 4823 esse
910 4748 1016 4822 debet
1042 4755 1104 4821 aut
1130 4769 1173 4821 ea
1199 4747 1369 4837 diverbia,
1397 4770 1488 4842 quae
1515 4747 1710 4823 Diomedes
1731 4748 1848 4822 locum
1869 4746 1908 4820 in
1926 4770 1996 4822 me·

365 4872 435 4946 diis
470 4871 620 4946 canticis
655 4871 787 4944 habere
821 4875 953 4957 namot,
981 4866 1165 4962 designari
1190 4866 1307 4963 iisque
1333 4866 1473 4940 mntica
1498 4866 1660 4941 Terentii
1686 4888 1795 4962 saepe
1820 4864 1996 4963 distingui

365 5000 400 5065 et
426 4991 558 5065 uariari
584 4990 656 5064 dici
681 4989 775 5087 apnd
801 4989 993 5077 Donatum,
1022 4986 1083 5085 qui
1109 4987 1226 5077 etiam,
1254 4985 1349 5081 quod
1376 4986 1563 5080 „diverbia
1589 4985 1636 5063 ab
1662 4983 1900 5062 histrionibus
1922 5009 1995 5061 cre·

364 5112 428 5185 bro
454 5111 705 5208 pronuntiata“
729 5117 1056 5200 commemorantur,
1079 5107 1246 5205 qvoniam
1268 5106 1379 5181 uerba
1395 5107 1524 5182 cantici
1538 5130 1609 5182 non
1628 5107 1674 5181 ab
1693 5104 1866 5182 histrione
1885 5106 1994 5204 gesti·
