4726 6270
953 529 1155 608 Qouestr'ouer
1181 533 1398 598 Terentianae.
1906 536 1946 600 35

360 734 514 820 colante,
543 731 608 806 sed
634 755 657 804 a
682 737 827 805 cantore
853 731 1100 822 efferebantur,
1128 732 1280 826 qvodam
1306 732 1411 806 modo
1438 731 1673 807 declaraverit
1699 755 1739 807 se
1765 732 1858 807 idem
1886 733 1991 824 velle,

360 877 403 927 ac
439 851 471 925 si
506 850 728 946 scripsisset:
763 849 950 943 „diverbia
980 849 1017 925 in
1044 848 1175 926 mediis
1200 850 1354 927 conticis
1380 851 1425 925 ab
1452 851 1711 925 histrionibns“
1739 875 1769 926 e.
1797 876 1833 949 q.
1860 875 1904 943 s.,
1932 861 1994 928 aut

360 973 511 1047 alterum
537 991 654 1067 genus
680 969 919 1045 diverbiorum
946 971 992 1045 ad
1018 971 1125 1046 tibias
1145 971 1451 1067 pronuntiatarum
1472 978 1535 1045 ant
1554 971 1661 1046 simul
1677 978 1864 1069 utrumqve
1883 973 1994 1070 signi·

360 1092 471 1166 ficari
525 1089 669 1164 Etenim
695 1090 789 1187 qvod
815 1090 854 1164 in
880 1091 1101 1187 praefatione
1127 1090 1372 1187 Adelphorum
1398 1090 1563 1165 Donatus
1590 1090 1634 1165 de
1654 1089 1825 1165 diverbiis
1845 1093 1992 1184 addidit,

361 1213 399 1287 id
433 1218 528 1286 certe
562 1209 683 1307 aliqva
714 1211 852 1285 ratione
879 1212 1062 1286 modomm
1088 1211 1315 1299 musicorum,
1344 1209 1388 1284 de
1416 1210 1545 1306 qvibus
1571 1219 1653 1284 ante
1678 1211 1845 1308 loquitur,
1872 1213 1995 1288 habita

363 1332 464 1405 dixit.
516 1330 722 1426 Adjeceru'm
748 1339 865 1406 autem
892 1332 1013 1406 verbis
1039 1332 1188 1428 reliqvis
1215 1338 1297 1404 ante
1315 1329 1557 1428 pronuntiate
1581 1336 1667 1404 suat
1689 1331 1771 1421 duo,
1799 1354 1889 1427 qvae
1917 1357 1994 1408 sen·

362 1452 475 1527 tentia
499 1450 694 1525 desiderat:
724 1448 777 1526 ed
802 1449 924 1526 titia.
978 1452 1071 1525 Nam
1097 1458 1265 1547 qvantum
1291 1450 1402 1523 verba
1429 1450 1561 1523 Donati
1588 1449 1783 1546 depravata
1802 1451 1885 1540 sint,
1906 1452 1997 1527 alter

363 1573 475 1662 locus,
503 1570 566 1666 qvi
592 1577 648 1645 est
673 1569 719 1643 ad
745 1569 970 1661 Eunuchum,
994 1571 1161 1661 ostendit,
1183 1568 1244 1644 nbi
1264 1570 1549 1643 commemoratio
1570 1569 1808 1645 diverbiorum
1825 1572 1996 1646 mentioni

363 1689 581 1765 canticorum
613 1689 820 1784 praeposita
850 1698 905 1763 est
930 1689 968 1763 iu
996 1689 1178 1764 codicibus
1204 1712 1310 1762 manu
1338 1689 1493 1784 scriptis,
1522 1690 1584 1784 qvi
1608 1690 1678 1764 hoe
1703 1691 1782 1764 loco
1808 1713 1854 1765 ne
1881 1689 1996 1766 diuer-

364 1809 427 1886 oia
452 1809 594 1905 qvidem
622 1818 864 1899 servaverunt,
892 1851 943 1863 -
969 1833 1060 1907 qvae
1087 1833 1168 1899 vox,
1198 1810 1281 1906 qvia
1306 1809 1344 1882 in
1370 1809 1500 1883 ceteris
1527 1810 1603 1883 suis
1625 1811 1788 1884 omuibus
1810 1812 1997 1907 praefatio·

364 1931 469 2004 nibus
496 1929 661 2004 Donatus
688 1929 733 2002 de
759 1929 932 2003 diverbiis
959 1930 1065 2004 simul
1091 1929 1198 2003 etde
1225 1929 1375 2004 canticis
1401 1929 1572 2019 meminit,
1600 1930 1736 2026 pridem
1763 1932 1808 2005 ab
1835 1940 1912 2006 arte
1934 1933 1997 2005 cri·

363 2050 436 2124 tica
469 2050 637 2124 restituta
670 2057 737 2138 est,
774 2091 824 2103 -
856 2049 920 2123 sed
943 2047 1145 2149 prouerbio
1169 2049 1356 2138 habentes,
1385 2047 1549 2144 produnt,
1578 2058 1795 2146 quantopere
1822 2051 1999 2126 sententia

364 2170 553 2266 scriptoris
579 2169 745 2244 librarios
773 2177 808 2244 et
833 2170 1051 2266 posteriores
1077 2169 1329 2265 grammaticos
1355 2169 1440 2242 olim
1466 2168 1610 2264 fugerit,
1643 2177 1682 2243 ut
1707 2171 1848 2244 occasio
1874 2179 2000 2268 aperta

363 2291 473 2365 fuerit
503 2290 758 2365 mutationibus
789 2298 825 2364 et
851 2289 1130 2364 correctionibus
1156 2289 1272 2379 falsis,
1301 2288 1430 2384 qvibus
1457 2310 1499 2362 eo
1526 2288 1667 2363 undem
1695 2299 1904 2385 perventum
1930 2300 1997 2381 est,

365 2420 405 2486 ut
439 2412 501 2486 isti
536 2418 755 2485 correctores
788 2433 858 2484 non
885 2409 992 2486 modo
1019 2409 1101 2499 sibi,
1129 2432 1251 2484 verum
1279 2408 1385 2483 etiam
1412 2408 1586 2497 omnibus,
1615 2409 1710 2505 qvod
1737 2410 1859 2500 sciam,
1886 2411 1998 2507 philo·
2055 2394 2058 2398 μ

366 2530 462 2626 logis
488 2529 725 2604 recentiorum
751 2536 948 2625 temporum
974 2529 1220 2626 persuaserint
1245 2528 1437 2618 Donatum,
1465 2528 1526 2603 ubi
1552 2528 1589 2603 in
1616 2529 1898 2625 praefationibus
1918 2555 1998 2606 can·

365 2653 438 2725 tica
465 2658 500 2725 et
526 2650 687 2725 diverbia
713 2649 837 2724 eodem
863 2650 943 2724 loco
969 2650 1139 2740 nominat,
1168 2649 1329 2723 diverbia
1355 2671 1497 2744 semper
1523 2648 1576 2721 sic
1603 2648 1738 2724 dixisse
1765 2651 1908 2726 omnino
1937 2674 1999 2726 eos

365 2794 493 2847 versus
527 2770 681 2860 fabulae,
718 2770 779 2866 qvi
813 2771 1030 2845 canticorum
1056 2793 1127 2844 non
1155 2778 1286 2859 essent,
1314 2776 1355 2843 ut
1379 2769 1448 2844 hoc
1473 2767 1516 2841 fit
1541 2768 1635 2864 apud
1662 2769 1872 2845 Diomedem
1897 2772 1922 2846 l.
1949 2794 1996 2846 c.:

367 2890 527 2967 Latinae
561 2888 771 2966 comoediae
799 2932 843 2943 -
877 2933 920 2944 —
953 2888 1169 2967 -duobus
1202 2887 1372 2964 membris
1404 2894 1538 2963 tuumne
1572 2896 1748 2983 constent,
1775 2888 1937 2968 dicatio
1965 2899 2003 2967 et

367 3011 519 3087 eunuco.
572 3011 651 3085 Nec
677 3033 761 3085 vero
789 3010 903 3085 solum
922 3009 1122 3110 proverbia
1148 3008 1421 3082 mendosissime
1447 3008 1619 3104 scriptum
1646 3018 1712 3099 est,
1749 3010 1814 3084 sed
1841 3033 1912 3085 non
1938 3012 1999 3085 mi·

367 3154 434 3205 uns
468 3130 599 3205 falsum
630 3130 771 3205 videtur
796 3130 921 3223 multa,
947 3130 991 3204 de
1018 3153 1087 3228 qvo
1114 3128 1294 3218 Wolffius,
1321 3128 1396 3202 leni
1422 3136 1526 3201 utens
1549 3128 1695 3224 Jndicio,
1723 3153 1759 3226 p.
1789 3136 1827 3205 7:
1865 3131 2000 3223 „multe

363 3251 469 3347 juxta
502 3272 615 3350 saepe
646 3250 801 3323 fortasse
836 3249 1061 3345 displiceat“.
1115 3249 1159 3323 ln
1194 3248 1295 3322 verbi
1321 3247 1380 3323 hic
1405 3247 1566 3343 profecto
1591 3248 1704 3345 inepti
1729 3249 1846 3324 locum
1873 3251 2000 3326 substi-

367 3371 505 3461 tuerim,
543 3376 579 3444 et
612 3392 700 3444 sane
735 3369 989 3459 verisimiliter,
1023 3367 1220 3461 modulatu,
1256 3392 1276 3442 e
1310 3390 1391 3463 qvo,
1428 3368 1637 3464 praesertim
1664 3392 1730 3465 per
1755 3370 2000 3466 compendium

368 3491 513 3587 scriptu,
550 3491 700 3564 alterum
735 3489 794 3564 vel
828 3490 975 3564 fortuito
1008 3489 1205 3585 scripturae
1239 3510 1358 3562 errore
1385 3487 1471 3561 oriri
1497 3489 1661 3583 potuerit,
1689 3512 1759 3586 qvo
1785 3491 1892 3581 facto,
1920 3514 1999 3566 cnm

367 3610 474 3684 illud:
506 3605 684 3685 Diverbiu
709 3609 821 3684 multu
846 3608 1215 3710 saepeprorruatieta
1240 3615 1394 3683 suntne
1420 3608 1576 3704 intelligi
1602 3608 1744 3705 qvidem
1770 3633 1877 3706 posse
1904 3611 2000 3686 vide·

368 3739 477 3821 retur,
514 3737 692 3805 corrector
727 3729 985 3827 excogitaverit
1011 3727 1224 3830 proverbia.
1276 3727 1378 3818 Qvae
1408 3736 1526 3802 autem
1552 3729 1598 3802 ad
1624 3728 1810 3826 Adelphos
1836 3731 2001 3806 Donatus

366 3851 524 3942 tradidit,
561 3874 606 3926 ea
639 3850 773 3947 scripta
808 3873 889 3925 esse
925 3859 1083 3947 apparet,
1121 3872 1198 3924 cnm
1233 3848 1309 3923 suis
1341 3848 1455 3922 oculis
1482 3847 1634 3923 vidisset
1659 3851 1841 3924 volumina
1866 3860 1999 3942 vetera,

367 3994 458 4067 qvae
492 3971 596 4047 initio
622 3993 808 4046 scenarum
835 3971 1015 4046 canticum
1039 3969 1184 4045 mutatis
1210 3967 1326 4043 modis
1353 3976 1389 4042 et
1416 3967 1577 4043 diverbia
1602 3968 1783 4045 modulata
1808 3969 1867 4044 vel
1893 3972 2001 4046 canti·

367 4091 421 4166 cis
452 4091 614 4166 immixta
643 4091 702 4166 vel
728 4092 920 4189 separatim
946 4091 1064 4187 posita
1091 4089 1357 4178 continentium,
1386 4096 1425 4163 ut
1450 4111 1514 4164 eas
1540 4087 1703 4164 diversas
1729 4097 1851 4186 partes
1877 4091 2002 4178 distin·

367 4220 520 4308 gverent
546 4219 582 4285 et
608 4234 694 4285 snae
721 4235 898 4309 qvamqve
924 4233 1099 4308 personae
1125 4210 1366 4305 assignarent,
1394 4215 1601 4283 annotatum
1619 4208 1793 4284 haberent
1810 4210 1856 4284 ad
1873 4234 2001 4286 nomen

367 4353 553 4428 personae,
590 4331 648 4406 oni
683 4332 861 4406 canticum
895 4330 1074 4428 agendum
1110 4336 1197 4421 erat,
1233 4325 1287 4404 M.
1319 4325 1373 4404 M.
1411 4325 1463 4419 0,
1495 4328 1541 4402 ad
1568 4351 1689 4404 earum
1715 4337 1832 4404 antem
1858 4331 2002 4407 nomina

368 4473 611 4547 personarum,
641 4473 788 4548 qvarnm
814 4451 904 4526 haee
931 4449 1092 4525 diverbia
1117 4457 1228 4534 erant,
1256 4445 1305 4524 D.
1334 4444 1403 4542 M,
1428 4449 1497 4524 hoc
1523 4457 1579 4524 est
1606 4497 1654 4508 -—
1675 4471 1745 4525 non
1766 4451 1858 4525 enim
1878 4451 2002 4528 dubito

369 4571 423 4644 sic
448 4571 677 4667 interpretari
706 4614 750 4625 -
780 4569 977 4647 divertium
1004 4568 1233 4645 modulatum.
1286 4568 1345 4643 Ad
1366 4568 1434 4642 has
1453 4591 1511 4644 res
1532 4568 1706 4665 exemplis
1726 4570 1928 4665 probandas
1948 4595 2001 4647 se·

369 4690 515 4783 qventia
548 4691 785 4788 pertinebunt,
821 4691 883 4767 nbi
918 4692 1024 4766 etiam
1057 4689 1296 4789 quaerendum
1324 4689 1400 4764 suis
1426 4688 1516 4763 locis
1543 4688 1622 4780 erit,
1650 4688 1803 4765 etiamne
1830 4714 1883 4782 ea,
1912 4715 2002 4790 qvae

369 4808 407 4881 in
442 4810 525 4884 aliis
560 4811 841 4907 praefationibus
873 4811 1037 4887 Donatus
1072 4809 1178 4885 simul
1212 4808 1257 4884 de
1289 4809 1438 4884 canticis
1464 4809 1570 4884 etde
1596 4810 1769 4884 diverbiis
1795 4811 1924 4902 attulit,
1951 4812 2004 4887 ita

370 4927 453 5023 plus
487 4929 662 5020 minusve,
699 4939 738 5004 ut
771 4953 862 5027 qvae
896 4931 992 5027 apud
1027 4930 1176 5006 eundem
1210 4929 1258 5002 ad
1292 4928 1479 5025 Adelphos
1513 4936 1550 5003 et
1580 4928 1794 5005 Eunuchum
1826 4930 2001 5024 dicuntur,

370 5046 582 5143 accipienda
607 5048 690 5122 sint.

473 5166 518 5241 In
547 5166 725 5264 Adelphis
751 5174 853 5243 actus
880 5169 944 5246 3rii
969 5191 1099 5244 scenae
1126 5175 1206 5246 2:ae
1233 5189 1360 5244 versus
1390 5174 1509 5246 1-21
1540 5170 1682 5269 (vorsus
1706 5170 1849 5245 fabulae
1876 5174 2001 5248 299-
