4726 6270
407 496 449 559 to
944 490 1167 559 Ennnnnns
1193 509 1215 554 n
1241 490 1412 559 mannen.

362 693 527 789 positam,
563 698 689 786 postea
723 689 767 766 de
802 689 980 788 Hecyrae.
1035 685 1109 764 Sed
1142 688 1210 763 hae
1242 688 1430 786 opiniones
1460 688 1727 765 confirmatione
1753 696 1873 786 egent,
1902 712 1994 786 qvae

363 813 409 887 iis
435 835 508 886 non
534 810 658 885 deen't.

464 932 559 1023 Quid
593 930 701 1006 luerit
734 931 773 1004 in
805 929 938 1005 fabulis
973 928 1212 1002 Romanomm
1242 929 1395 1004 scenicis
1421 930 1609 1021 canticum,
1632 931 1709 1025 jam
1736 929 1796 1004 diu
1821 929 1995 1005 hactenus

361 1055 455 1128 inter
488 1075 611 1127 amnes
646 1057 797 1140 constat,
833 1057 872 1125 ut
906 1057 1044 1146 partem
1070 1071 1152 1123 esse
1178 1049 1295 1144 ipsius
1319 1049 1462 1124 fabulae
1488 1074 1604 1148 neqve
1632 1093 1681 1106 -·
1708 1073 1813 1148 qvem
1839 1073 1995 1126 errorem
2093 1107 2095 1111 >

363 1173 561 1268 Boettigeri
586 1171 814 1245 Hermannns
841 1171 894 1244 sic
920 1169 1090 1244 refutavit
1115 1169 1139 1242 l.
1169 1192 1212 1257 e.,
1240 1176 1279 1242 ut
1305 1192 1495 1265 resurgere
1521 1193 1712 1266 numquam
1738 1171 1854 1267 possit
1875 1211 1925 1225 —
1944 1172 1995 1244 in·

361 1304 416 1369 ter
449 1301 552 1367 actus
586 1291 781 1365 adhibitum
816 1313 894 1365 cum
931 1289 1120 1364 saltatione
1152 1289 1305 1385 quadam
1330 1290 1482 1380 mimica,
1511 1290 1575 1367 sed
1602 1292 1680 1365 sine
1707 1291 1828 1366 verbis
1854 1299 1996 1366 cantum

360 1414 527 1488 tibiarum
563 1413 677 1486 fuisse
713 1434 807 1485 nune
839 1433 942 1484 nemo
969 1433 1040 1483 non
1066 1409 1277 1484 consentiat.
1331 1409 1380 1483 Et
1406 1412 1610 1508 cetercqvin
1633 1410 1723 1485 haec
1749 1411 1889 1485 cantica
1914 1435 1995 1507 qva·

361 1535 412 1608 lia
445 1533 604 1629 putanda
636 1533 718 1618 sint,
753 1531 968 1606 testimoniis
995 1530 1092 1604 Livii
1118 1528 1205 1604 VII.
1235 1535 1269 1605 2.
1298 1536 1335 1603 et
1358 1530 1547 1605 Diomedis
1573 1531 1641 1604 HI.
1671 1531 1716 1605 de
1741 1539 1818 1605 arte
1844 1554 1993 1626 gramm.

361 1676 395 1749 p.
431 1658 505 1729 490
539 1675 616 1748 sqq.
646 1651 757 1739 Keil,
786 1651 843 1724 cui
869 1658 993 1724 auctor
1017 1650 1085 1723 fuit
1112 1647 1305 1724 Suetonius
1332 1649 1369 1724 in
1395 1650 1488 1725 libro
1515 1651 1560 1725 de
1585 1651 1703 1747 poetis
1716 1651 1762 1746 *1,
1790 1657 1898 1745 atqve
1924 1651 1995 1724 Do

362 1775 436 1848 nati
471 1780 507 1848 et
541 1772 692 1846 aliorum
726 1771 793 1860 usi,
831 1771 924 1844 idem
950 1769 1179 1845 Hermannus
1206 1776 1242 1843 et
1267 1777 1351 1865 post
1376 1792 1456 1844 eum
1482 1770 1651 1846 Wollfius
1678 1778 1715 1845 et
1741 1768 1929 1869 Grysarns
1954 1771 1993 1843 ll.

362 1916 414 1968 ec.
442 1894 576 1988 aliique
602 1899 783 1980 enarrant;
812 1913 961 1987 qvarum
987 1889 1266 1984 explieaticnnm
1293 1911 1431 1965 summa
1455 1889 1545 1965 haec
1572 1899 1642 1965 est:
1671 1890 1810 1965 cantica
1836 1914 1918 1965 esse
1941 1913 1995 1964 so-

362 2013 520 2109 liloquia,
558 2035 624 2085 nee
659 2033 744 2086 vero
780 2011 898 2084 omnia
932 2009 1124 2104 soliloquia
1158 2009 1297 2083 cantica
1329 2032 1423 2099 esse,
1451 2011 1515 2084 sed
1541 2012 1782 2085 tantummodo
1808 2011 1993 2107 quaedam,

364 2157 475 2228 eaqve
502 2133 586 2206 olim
613 2131 659 2205 ad
686 2130 845 2204 tibicinis
871 2129 995 2202 modos
1021 2136 1179 2216 cantata3
1208 2127 1303 2223 apud
1330 2127 1512 2203 Romanos
1538 2138 1657 2205 autem
1679 2153 1790 2226 usqve
1812 2131 1858 2205 ab
1877 2138 1994 2205 aetate

362 2253 459 2327 Livii
494 2251 691 2326 Andronici
725 2273 797 2324 non
831 2250 949 2344 ipsum
983 2257 1139 2322 actorem
1174 2250 1284 2322 verba
1319 2250 1537 2324 canticorum
1572 2251 1759 2340 cecinisse,
1794 2252 1858 2326 sed
1884 2251 1995 2325 iniis

362 2381 458 2447 motu
485 2380 521 2446 et
546 2379 653 2466 gestu
679 2370 929 2466 pantomimica
956 2368 1196 2464 exprimendis
1223 2376 1336 2443 totum
1362 2378 1543 2445 versatum
1570 2394 1662 2460 esse,
1695 2379 1845 2445 canente
1871 2370 1993 2457 rerba,

362 2495 422 2589 qvi
449 2493 486 2565 in
513 2514 622 2565 scena
647 2499 730 2564 ante
757 2490 939 2563 tibicinem
966 2489 1112 2564 stetisse
1138 2497 1312 2580 narratur,
1342 2499 1496 2566 cantore.
1549 2491 1676 2588 Itaque
1694 2489 1784 2566 haec
1804 2491 1995 2586 soliloquia

362 2613 450 2687 talia
476 2611 713 2687 existimanda
738 2618 833 2700 sunt,
860 2610 898 2683 in
925 2609 1053 2706 quibus
1080 2608 1136 2683 vis
1162 2608 1272 2682 animi
1298 2611 1474 2698 commoti,
1505 2610 1583 2684 sive
1609 2611 1767 2706 lugentis
1790 2618 1853 2684 aut
1873 2612 1996 2685 timen-

362 2733 421 2818 tis,
458 2733 536 2806 sive
571 2755 591 2805 e
626 2731 805 2806 contraria
839 2730 1007 2804 laetantis
1033 2737 1105 2818 aut,
1133 2730 1227 2825 qvod
1254 2753 1362 2826 saepe
1388 2730 1439 2819 fit,
1468 2738 1588 2805 astuta
1613 2754 1734 2805 secum
1760 2732 1912 2805 consilia
1936 2731 1996 2803 ha

361 2854 489 2941 bentis,
527 2875 712 2947 rerumqve
744 2851 1056 2925 describendarum
1083 2856 1199 2924 status
1226 2872 1290 2924 sen
1316 2850 1431 2925 tristis
1458 2873 1522 2925 seu
1548 2851 1665 2927 laetus
1691 2860 1797 2947 atqve
1824 2851 1995 2925 ridendus

362 2972 637 3068 gesticulatione
671 2972 896 3046 viridissima
930 2971 1102 3045 imitanda
1130 2970 1278 3044 fuerint:
1307 2971 1344 3043 in
1370 2972 1442 3045 alic
1469 2973 1562 3045 enim
1590 2981 1626 3046 et
1651 2972 1896 3068 tranquilliore
1923 2994 1995 3045 car·

362 3093 456 3167 mine
484 3115 598 3187 neqve
625 3091 714 3165 illud
741 3091 937 3186 excogitari
951 3090 1020 3184 11),
1052 3097 1091 3163 ut
1116 3091 1227 3164 verba
1252 3091 1298 3164 ab
1324 3092 1465 3166 actione
1492 3093 1656 3187 sejuncta
1680 3092 1744 3165 alii
1769 3099 1877 3187 atqve
1902 3099 1995 3164 acto·

362 3214 413 3287 ris
448 3235 623 3308 personae
657 3212 892 3301 traderentur,
928 3233 1043 3306 neqve
1077 3210 1116 3282 id
1150 3219 1278 3305 postea
1311 3211 1348 3284 in
1380 3233 1449 3287 usu
1479 3235 1623 3286 manere
1637 3213 1716 3308 m)
1742 3211 1872 3309 potuit;
1902 3211 1996 3307 qvod

361 3334 564 3407 institutum
590 3331 763 3405 Romanis
788 3352 1007 3426 magnopere
1033 3329 1215 3424 placuisse
1242 3339 1277 3405 et
1304 3353 1349 3405 ex
1375 3354 1417 3404 eo
1444 3332 1587 3404 tandem
1613 3332 1718 3406 ludos
1745 3332 1992 3427 pantomimos,

362 3453 400 3526 in
435 3453 564 3549 qvibns
598 3452 729 3526 chorus
763 3458 880 3524 mutae
915 3448 1101 3522 histrionis
1136 3449 1320 3524 saltationi
1353 3459 1601 3547 argumentum
1634 3453 1778 3527 fabulae
1815 3452 1994 3547 praecine-

362 3572 548 3666 batffl),
585 3571 768 3647 exstitisse
799 3572 961 3666 agnitum
993 3577 1059 3644 est.
1112 3569 1264 3644 Accedit
1289 3570 1399 3644 animi
1424 3580 1461 3645 et
1486 3572 1658 3646 orationis
1685 3573 1743 3646 vel
1770 3571 1865 3646 tristi
1891 3570 1994 3646 vehe-

464 3813 496 3889 *)
519 3813 593 3875 cftr.
616 3813 749 3874 Suetonii
763 3818 891 3888 praeter
916 3811 1077 3872 Caesarum
1097 3811 1190 3872 libros
1211 3815 1367 3888 reliquiae·
1391 3815 1484 3874 edidit
1505 3816 1540 3874 Α.
1559 3814 1789 3888 Reifferscheid:
1803 3833 1833 3890 p.
1850 3815 1912 3875 370
1927 3831 1994 3890 sqq.

463 3915 513 3993 11)
537 3917 573 3976 Τ.
596 3916 700 3976 Livius
723 3914 760 3974 de
782 3915 838 3974 hoc
860 3913 1023 3975 Andronici
1045 3916 1166 3976 invento
1189 3915 1208 3975 l.
1232 3934 1273 3975 c.:
1297 3916 1483 3992 [interposi
1504 3918 1615 3991 aliquot
1637 3917 1732 3992 annia
1756 3919 1804 3992 qvi
1826 3915 1865 3976 ab
1885 3919 1996 3977 saturis

362 4036 453 4080 carne
472 4027 516 4080 est
532 4021 647 4095 primae
669 4025 843 4095 ornamento
863 4016 1001 4092 fabulam
1022 4033 1132 4087 serere,
1155 4020 1233 4078 idem
1253 4021 1374 4091 seilicet,
1397 4021 1431 4079 id
1452 4022 1530 4094 qood
1549 4036 1648 4080 omnes
1670 4028 1729 4079 tam
1752 4027 1848 4090 mant,
1875 4036 1996 4080 morum

362 4124 526 4184 carminum
548 4128 644 4201 actor,
668 4123 786 4201 dicitur,
808 4136 874 4181 enm
895 4122 1014 4195 samius
1034 4128 1192 4181 revocatus
1213 4137 1313 4182 vacem
1336 4121 1504 4197 comdiseet,
1526 4125 1613 4183 venia
1631 4125 1726 4198 petita
1739 4140 1869 4198 puerum
1884 4124 1928 4183 ad
1941 4139 1994 4183 ea-

361 4227 490 4287 nendum
511 4231 582 4285 ante
603 4223 751 4284 tibicinem
773 4240 839 4284 cnm
859 4225 1017 4295 statuisset,
1042 4225 1190 4284 canticum
1213 4226 1307 4299 egisse
1329 4226 1480 4299 aliquanto
1502 4225 1599 4298 macie
1620 4227 1736 4299 uigente
1756 4232 1844 4297 mota,
1865 4226 1934 4300 quic
1947 4227 1994 4285 ni-

361 4330 405 4389 nii
430 4330 510 4389 nocta
537 4345 608 4388 usuc
635 4326 828 4403 impediebat:
855 4328 926 4387 inde
947 4328 990 4386 ad
1010 4343 1129 4386 mantem
1151 4329 1272 4387 cantari
1290 4326 1482 4388 histrionibus
1504 4334 1646 4402 coeptam,
1671 4327 1859 4403 diverbiaque
1881 4335 1994 4388 tannem

361 4433 492 4507 ipsorum
518 4433 584 4492 uoci
604 4433 720 4492 relicta.
743 4463 785 4473 -
807 4430 942 4489 Valerius
965 4429 1110 4488 Maximus
1132 4428 1170 4489 de
1190 4429 1293 4490 eadem
1313 4449 1344 4490 ra
1365 4430 1403 4490 11.
1429 4434 1458 4491 4.
1483 4433 1516 4488 4:
1544 4431 1628 4505 Isque
1651 4430 1768 4508 (livius
1790 4429 1993 4504 Andronicus)

363 4567 400 4578 —
424 4567 467 4579 -
486 4567 529 4579 -
550 4533 684 4596 adnibito
703 4535 793 4609 pueri
815 4540 844 4593 et
866 4532 994 4593 tibicinis
1016 4538 1162 4593 concentu
1182 4534 1436 4608 gesticulationem
1458 4535 1569 4593 tacitae
1583 4535 1712 4609 peregit.

463 4637 532 4715 m)
555 4637 628 4699 (iste.
651 4639 839 4697 Hermannns
860 4654 890 4712 p.
915 4639 975 4697 301
1000 4651 1077 4710 sqq..
1102 4635 1153 4711 qvi
1176 4635 1264 4696 etiam
1285 4639 1393 4707 monet,
1419 4643 1530 4711 quanta
1545 4637 1714 4696 constantia
1729 4641 1854 4702 veteres,
1870 4634 1908 4695 de
1922 4653 1994 4695 can·

361 4740 428 4801 ticis
456 4741 605 4800 mentione
632 4739 751 4816 inJ’ecta,
781 4739 892 4813 agendi
918 4743 971 4796 aut
991 4738 1126 4797 adtendi
1147 4738 1238 4799 verbo
1261 4737 1298 4798 de
1320 4738 1523 4806 histrionibus,
1546 4756 1606 4799 non
1628 4740 1759 4800 canendi
1779 4737 1827 4798 vel
1849 4739 1995 4800 cantandi

362 4849 500 4912 utentum
523 4842 659 4904 Wolllins
682 4861 712 4919 p.
738 4844 775 4901 17
800 4859 862 4917 sq.;
885 4839 1131 4901 Friedlaenderus
1153 4840 1184 4899 in
1206 4841 1355 4916 Antiquit.
1378 4840 1560 4917 llarqvardt.
1583 4858 1612 4918 p.
1637 4843 1698 4902 540
1720 4858 1767 4917 sq.

463 4945 552 5023 1111)
581 4947 647 5007 Jam
670 4951 759 5006 antea
780 4961 828 5004 res
851 4962 886 5004 eo
909 4944 939 5002 in
959 4942 1082 5004 canticis
1105 4947 1237 5011 venerat,
1260 4948 1303 5010 ut,
1327 4943 1408 5019 qvod
1429 4945 1576 5004 canticum
1598 4961 1675 5004 unns
1697 4943 1801 5004 histrio
1823 4943 1941 5019 agebat,
1964 4943 1993 5003 id

361 5048 532 5126 aliquando,
555 5067 613 5125 qvo
637 5049 732 5127 major
753 5051 832 5109 esset
855 5047 899 5106 vis
922 5051 1027 5107 cantus
1049 5047 1080 5105 in
1102 5064 1210 5122 magno
1233 5045 1360 5114 theatro,
1376 5054 1499 5108 caterua
1514 5054 1668 5108 cantorum
1683 5051 1817 5115 canerem
1833 5046 1886 5108 cfr.
1903 5047 1995 5107 verba

361 5152 511 5215 Ciceronis
533 5171 586 5230 pro
610 5152 686 5213 Sest.
709 5171 735 5212 c.
760 5152 799 5211 55
823 5155 852 5210 et
875 5149 912 5209 de
934 5147 984 5210 Or.
1007 5149 1059 5208 111.
1084 5151 1123 5209 50
1147 5154 1231 5220 exta,
1256 5156 1285 5208 et
1307 5166 1383 5224 qvae
1406 5148 1478 5209 dicit
1499 5148 1745 5210 Friedlaenderus
1767 5150 1786 5210 l.
1810 5168 1835 5210 c.
