4726 6270
409 650 449 711 18
940 646 1162 711 Enranncs
1188 664 1209 709 a
1237 645 1412 710 Busssn

363 869 434 919 nou
460 845 692 941 postulamus,
720 845 791 918 uisi
816 843 974 934 accedet,
1000 852 1041 917 ut
1066 843 1156 917 haec
1180 843 1219 917 in
1244 843 1401 938 singulis
1426 843 1621 917 comoediis
1646 844 1931 940 comprobentur,
1957 854 1994 918 et

363 980 401 1038 ut
434 965 539 1061 origo
572 988 741 1054 errorum,
774 964 837 1061 qvi
867 964 963 1059 apud
990 963 1169 1037 Donatum
1195 969 1348 1051 exstant,
1376 964 1611 1059 probabiliter
1635 964 1845 1061 explicetur.
1898 964 1995 1038 Dum

363 1094 482 1158 autem
507 1108 527 1159 e
554 1085 633 1159 loco
659 1085 777 1180 hujus,
804 1107 908 1178 qvem
927 1082 1139 1180 protulimus
1158 1106 1194 1178 p.
1215 1089 1238 1159 5
1257 1105 1324 1177 sq.‚
1344 1105 1425 1158 cum
1445 1083 1629 1158 Boeckhio
1646 1107 1718 1159 uou
1737 1084 1854 1157 solum
1873 1083 1911 1157 id
1930 1107 1996 1180 pro

363 1228 447 1279 vero
480 1205 687 1301 accipimus.
723 1213 762 1279 ut
795 1204 988 1278 discrimen
1022 1202 1197 1277 acuminis
1223 1202 1475 1298 etgravitatis
1502 1204 1596 1277 inter
1620 1203 1783 1278 (lernam
1808 1203 1933 1277 tibiam
1960 1213 1996 1277 et

362 1324 544 1398 sinistram
577 1325 695 1398 fuerit.
731 1324 800 1398 etsi
834 1322 929 1419 apud
966 1324 1145 1396 Donatum
1179 1321 1358 1395 contraria
1382 1322 1520 1396 ratione
1546 1322 1902 1409 commemorandum,
1930 1324 1995 1397 sed

363 1443 429 1518 hoc
464 1444 582 1517 etiam.
618 1458 656 1517 ut
690 1445 727 1516 iu
761 1443 895 1516 fabulis
920 1443 1075 1516 scenicis
1101 1442 1264 1537 grauitas
1289 1441 1369 1516 soni
1396 1442 1513 1531 seriis,
1540 1443 1726 1538 gravibus,
1753 1442 1918 1517 tristibus
1944 1466 1995 1515 re-

362 1566 440 1638 bus.
467 1587 616 1637 acumen
642 1578 766 1637 contra
786 1563 925 1657 jocosis
951 1578 987 1635 et
1012 1562 1118 1635 laetis
1145 1562 1277 1647 uerbis,
1304 1584 1489 1657 genusque
1515 1562 1684 1637 tibiarum
1702 1563 1890 1658 imparium
1910 1563 1996 1636 mix·

362 1685 411 1757 tis
444 1708 524 1757 cum
559 1684 704 1757 tristitia
734 1684 831 1777 jocis
863 1692 1103 1756 consentanea
1133 1681 1213 1755 risa
1239 1682 1313 1755 siut
1338 1682 1507 1779 antiquis,
1535 1682 1625 1757 haec
1650 1684 1703 1757 sic
1729 1683 1995 1778 interpretanda

363 1806 617 1878 existimamus.
645 1819 683 1878 ut
709 1814 828 1877 tamen
855 1803 915 1876 riu
942 1803 1037 1876 ullae
1064 1803 1174 1875 tibiae
1201 1802 1364 1877 scenicae
1390 1809 1528 1876 tautum
1555 1826 1702 1878 severos
1728 1812 1764 1878 et
1789 1803 1913 1878 tristes
1934 1812 1996 1876 aut

363 1933 500 1997 tantum
533 1924 648 1997 laetos
679 1947 790 1998 sonos
822 1922 1009 2009 ediderint,
1037 1921 1103 1995 sed
1128 1930 1168 1995 ut
1193 1923 1308 2017 major
1333 1922 1558 1997 sinistrarum
1585 1924 1747 2019 gravitas
1773 1923 1996 2020 argumentis

364 2044 470 2118 seriis
505 2056 541 2117 et
576 2046 722 2131 seueris,
758 2046 876 2139 majus
901 2043 1105 2116 dextrarum
1132 2064 1282 2116 acumen
1308 2042 1465 2116 laetitiae
1491 2042 1601 2117 animi
1626 2054 1663 2118 et
1687 2045 1826 2119 levitati
1852 2045 1997 2119 omniuo

364 2164 605 2259 congruerint.
633 2176 668 2237 et
695 2178 734 2237 ut
760 2178 885 2238 acutae
910 2163 1031 2251 tibiae,
1059 2162 1120 2235 ubi
1146 2162 1191 2235 de
1218 2162 1373 2236 scenicis
1399 2163 1530 2257 agitur,
1557 2163 1730 2238 dicendae
1756 2165 1831 2239 siut
1855 2188 1930 2238 cae.
1959 2165 1996 2236 in

365 2284 494 2378 quibus
527 2307 676 2357 acumen
708 2285 800 2357 soni.
827 2306 970 2379 graves,
998 2284 1035 2356 in
1062 2283 1192 2377 qvibus
1217 2282 1380 2378 grauitas
1405 2284 1595 2378 plurimum
1621 2285 1784 2375 valuerit,
1810 2308 1835 2359 a
1859 2284 1997 2359 neutris

364 2403 470 2497 plane
505 2403 662 2478 exclusis
697 2405 798 2478 suuis
823 2404 970 2499 generis
996 2403 1166 2477 contrarii
1179 2402 1226 2495 *ι
1278 2402 1423 2476 Etenim
1450 2405 1632 2498 qvaentur
1656 2405 1715 2478 hic
1740 2405 1786 2479 de
1812 2406 1858 2479 iis
1884 2405 1995 2491 tibiis,

363 2546 454 2619 quac
488 2524 525 2596 iu
562 2547 629 2597 usu
664 2538 765 2597 eraut
800 2534 882 2619 post
916 2523 1088 2596 musicam
1122 2522 1306 2620 antiqram
1337 2524 1384 2598 ab
1416 2524 1643 2599 incunabulis
1668 2525 1715 2599 ad
1741 2526 1998 2620 perfectionem

363 2666 591 2737 progressam
617 2656 653 2717 et
680 2644 791 2717 multo
816 2652 1004 2738 postqram
1030 2642 1230 2717 Pronomus
1255 2642 1453 2718 Thebanus
1471 2653 1546 2717 tres
1565 2645 1649 2719 illos
1668 2645 1805 2723 modos.
1827 2643 1995 2743 Lydium.

365 2763 576 2860 Phrygium.
612 2764 773 2837 Dorium.
809 2787 880 2837 uua
913 2763 1106 2859 eademque
1140 2764 1230 2837 tibia
1261 2764 1453 2838 conciliare
1480 2765 1616 2860 primus
1642 2766 1831 2857 scir·it'*).
1885 2764 1997 2837 Plura

364 2882 421 2954 his
455 2882 500 2955 de
527 2885 634 2956 rebus
659 2884 849 2979 posterius.
903 2884 1008 2958 Nunc
1034 2884 1102 2958 hoc
1128 2906 1267 2979 qroqre
1289 2885 1366 2979 jam
1391 2897 1475 2958 aute
1502 2894 1660 2958 notatum
1686 2886 1862 2969 nolumus,
1889 2885 1998 2958 tibias

364 2999 551 3077 ,S'orruuus
562 3004 652 3097 m).
680 3026 771 3099 qvas
796 3004 960 3077 Donatus
985 3027 1066 3077 cum
1093 3004 1252 3078 sinistris
1278 3004 1448 3091 nominat,
1474 3015 1513 3077 ut
1538 3016 1658 3077 tamen
1683 3028 1754 3078 uon
1780 3004 1913 3078 diserte
1940 3003 1999 3076 de

364 3123 487 3195 claret.
515 3123 697 3197 similesne
723 3138 759 3197 et
784 3123 944 3218 ejusdem
970 3124 1118 3218 generis
1144 3125 1314 3198 universi.
1343 3149 1389 3197 au
1416 3124 1562 3198 eaedem
1584 3125 1841 3215 tuerintstfl).
1864 3146 1999 3218 grates

365 3260 400 3313 et
435 3242 546 3336 ipsus.
583 3242 647 3316 sed
681 3256 799 3317 tamen
834 3244 927 3317 alias
953 3245 1057 3318 uobis
1084 3243 1211 3317 videri.
1264 3244 1384 3335 Quare
1410 3245 1546 3340 pariter
1572 3245 1696 3341 quaeri
1721 3254 1852 3341 potest.
1879 3243 1998 3338 qralis

365 3362 459 3434 inter
492 3363 634 3435 nomm
669 3360 801 3437 dextra
835 3376 871 3437 et
907 3360 1033 3462 Lydia
1062 3365 1306 3439 intercesserit
1332 3365 1438 3438 ratio:
1467 3376 1618 3460 utroqrc
1644 3376 1762 3437 autem
1788 3365 1930 3437 nomine
1957 3364 1998 3437 ti-

364 3482 459 3555 biam
485 3496 625 3557 acutam
651 3484 848 3581 significari
874 3484 981 3580 idqre
1008 3484 1053 3558 de
1079 3484 1147 3557 hoc
1173 3485 1383 3580 posteriore.
1419 3484 1604 3558 Boeclrhio
1630 3484 1731 3571 duce,
1754 3485 1832 3578 jam
1857 3484 1998 3557 demon·

468 3724 486 3757 ¹'
494 3744 501 3785 ι
529 3725 694 3784 ΒῡειΙιΙιίιε
721 3726 903 3785 {reditione
926 3726 1045 3784 Pindari
1065 3726 1085 3783 l.
1105 3745 1131 3783 c.
1154 3726 1241 3785 dicit:
1272 3727 1435 3787 ..lcumine
1454 3738 1553 3784 autem
1577 3726 1707 3801 l’brpgia
1730 3725 1911 3791 commonia·
1935 3726 1996 3783 lto-

367 3830 448 3889 riam.
472 3828 569 3904 Lydia
590 3830 748 3905 Phrygiam
771 3830 941 3905 superabat.
964 3844 997 3889 ιιι
1015 3828 1074 3889 alio
1096 3830 1162 3889 loco
1183 3830 1329 3889 adversus
1343 3829 1518 3889 salmasium
1533 3828 1767 3887 demonstratum
1782 3842 1996 3887 est-—-.

366 3934 478 3992 Rursus
505 3932 564 3991 alio
592 3946 729 4007 respectu
757 3933 989 4009 uuiuscujusque
1017 3933 1096 3992 modi
1126 3932 1218 3991 tibiae
1244 3946 1275 3991 ct
1301 3931 1375 3991 fides
1403 3933 1515 3989 sariam
1535 3943 1674 4006 poteraut
1697 3934 1855 3990 tonsionem
1877 3930 1997 3991 habere.

366 4034 447 4109 quod
473 4036 549 4093 aliae
577 4048 706 4099 acutum.
735 4035 810 4093 aliae
839 4034 976 4097 medium.
1003 4036 1079 4095 aliae
1109 4053 1200 4111 grane
1229 4036 1379 4110 diapason
1408 4033 1607 4092 continerent:
1635 4033 1880 4107 quemadmodum
1902 4053 1938 4092 ex
1960 4034 1997 4091 iis

365 4151 458 4212 patet.
487 4156 563 4212 quas
592 4138 629 4196 ds
657 4138 831 4197 diversitate
859 4138 1039 4213 melopoeiae
1066 4138 1294 4213 disputavimus.
1339 4136 1438 4194 Latini
1463 4148 1563 4194 autem
1589 4153 1641 4193 eas
1663 4136 1762 4195 tibias.
1785 4154 1908 4211 quarum
1930 4137 1996 4194 dia-

365 4256 460 4314 pason
488 4252 532 4297 est
562 4240 691 4315 aramus.
713 4248 860 4298 vocarunt
880 4242 1026 4313 duirtrut,
1048 4258 1172 4315 quarum
1194 4243 1321 4305 acutius.
1344 4240 1479 4299 davus.
1502 4250 1536 4297 ut
1557 4238 1628 4296 alibi
1650 4239 1801 4297 evicimus.
1845 4240 1893 4299 tln
1916 4244 1996 4298 Anu.

366 4339 556 4417 Heidelberg.
579 4342 599 4399 l.
621 4360 648 4401 e.
692 4340 876 4418 Quamquam
896 4344 936 4401 ibi
959 4342 1031 4403 baec
1053 4362 1112 4403 non
1135 4343 1241 4403 iisdem
1262 4343 1364 4402 serbis
1384 4341 1465 4400 dieta
1486 4350 1568 4409 suut,
1588 4341 1630 4399 ita
1651 4352 1750 4400 tamen
1772 4341 1895 4418 intelligi
1917 4360 1996 4400 nunc

366 4446 500 4517 selim:

467 4564 518 4635 ”t
539 4564 614 4625 ctu.
636 4565 800 4625 Pausanias
821 4565 873 4624 tx
899 4568 948 4624 12.
971 4568 1001 4625 5.

467 4682 536 4757 m,
558 4683 719 4743 swnnae
741 4686 813 4743 ineu
836 4684 1189 4757 §monumemtum
1212 4687 1389 4749 uocabulum
1411 4685 1512 4745 scribi.
1534 4685 1655 4745 ductum
1676 4706 1695 4745 a
1717 4687 1791 4762 Tyri
1813 4687 1895 4746 urbis
1917 4685 1997 4744 anti·

365 4788 468 4863 qriorc
490 4788 606 4845 nornine
628 4786 736 4847 Latino
757 4786 867 4846 Surru.
885 4787 948 4864 jam
970 4788 1048 4847 inter
1069 4789 1174 4849 doctos
1195 4802 1325 4850 censat.

467 4906 555 4979 Μ’)
579 4907 699 4966 Senius
720 4906 760 4965 ad
781 4906 906 4966 Aeneid.
928 4905 980 4965 IX.
1003 4910 1064 4967 618
1086 4908 1160 4969 haec
1179 4908 1351 4970 annotarit:
1378 4905 1481 4966 libiae
1499 4916 1553 4966 unt
1571 4907 1727 4969 sormunt
1744 4918 1821 4969 aaut.
1840 4918 1997 4982 praesunt

360 5026 455 5085 pura
476 5018 505 5070 α
525 5011 664 5083 repenle:
684 5008 797 5069 bultem
817 5026 973 5077 cmm,
997 5020 1052 5069 um
1072 5012 1236 5088 Harpyiae,
1259 5027 1336 5087 qtae
1357 5018 1387 5069 et
1408 5012 1537 5084 turpem
1556 5020 1626 5070 aaut
1646 5024 1675 5071 et
1695 5014 1866 5086 macerulae
1887 5010 1998 5071 bubmt

364 5128 521 5174 mm.
564 5110 650 5185 orae
671 5112 875 5188 superioribus
896 5112 1034 5173 tibiarum
1055 5112 1276 5175 delinitionrbna
1297 5111 1437 5171 addenda
1453 5124 1533 5185 suat,
1547 5114 1601 5173 sed
1615 5114 1697 5191 qnod
1710 5114 1772 5175 duo
1786 5132 1899 5191 genera
1912 5115 1997 5191 priu-

364 5215 482 5293 cipalia.
503 5214 650 5275 &ranas
669 5224 701 5274 et
722 5214 881 5291 Plnr5giaa.
899 5216 1095 5283 metimur,
1113 5234 1175 5277 non
1195 5216 1261 5276 riae
1281 5232 1374 5275 eausa
1394 5212 1522 5276 tonans
1541 5235 1562 5276 a
1582 5216 1700 5277 duobus
1720 5216 1853 5277 ionubus
1871 5234 1933 5277 rem
1946 5226 1996 5277 to-

364 5332 425 5381 tan
446 5326 595 5395 repetunt,
617 5335 729 5383 rerum,
750 5330 785 5377 ιιι
806 5316 880 5377 baec
901 5334 949 5377 rea
970 5334 1003 5379 se
1024 5318 1165 5385 ostendit.
1188 5335 1248 5377 non
1269 5328 1351 5377 reete
1371 5314 1525 5378 definiunt
