4726 6270
904 509 1106 587 Quaestionee
1133 509 1350 574 Terentianae.
1863 516 1903 577 211

305 713 398 788 unde
433 712 477 786 de
513 734 647 808 genere
679 710 845 785 tibiarum
871 709 910 784 in
936 709 1093 806 singulis
1119 709 1252 785 fabulis
1279 711 1397 806 possit
1422 710 1598 786 concludi.
1652 711 1759 801 Illud,
1788 712 1882 808 qvod
1910 712 1946 785 in

304 831 476 908 Terentio
502 841 569 923 est,
597 828 793 906 Plaudite!
819 830 877 905 vel
907 828 978 909 Vos
1004 830 1120 906 valete
1147 836 1184 905 et
1202 827 1392 929 plaudite!
1411 839 1447 905 et
1466 831 1559 927 qvod
1579 853 1721 928 semper
1739 832 1834 928 apud
1853 855 1945 918 eum,

304 954 399 1029 sicut
431 954 478 1028 ab
509 952 661 1026 Horatio
697 951 782 1047 (Ep.
814 951 862 1025 ad
893 951 968 1024 Pis.
997 974 1031 1023 v.
1064 953 1162 1046 155),
1195 947 1347 1026 Oantorr'
1372 951 1544 1026 tributum
1572 960 1638 1040 est,
1670 994 1714 1005 -
1743 953 1848 1026 aliter
1875 951 1946 1047 ple·

304 1097 451 1171 rumqve
476 1072 571 1169 apud
597 1071 766 1147 Plautum
792 1094 851 1146 res
872 1071 1093 1165 11111111),
1118 1113 1163 1125 —
1183 1071 1283 1146 tibiis
1301 1073 1602 1168 prosequentibus
1620 1072 1845 1146 decantatum
1865 1096 1947 1147 esse

304 1216 369 1292 per
403 1217 444 1269 se
477 1193 615 1289 liqvere
649 1192 802 1266 videtur.
858 1190 994 1267 Cantor
1029 1192 1134 1282 enim,
1169 1193 1193 1266 i.
1232 1216 1262 1267 e.
1300 1193 1406 1282 idern,
1434 1193 1496 1289 qvi
1522 1194 1663 1267 cantica
1689 1216 1777 1267 voce
1805 1194 1945 1281 cecinit,

304 1314 389 1412 qvid
421 1313 501 1388 sine
532 1312 653 1387 tibiis?
682 1356 725 1367 —
756 1311 848 1388 Cum
874 1313 1057 1408 aliqvanto
1084 1320 1204 1386 autem
1230 1313 1456 1408 impeditiore
1483 1314 1692 1409 quaestione
1720 1313 1946 1408 conjunctum

305 1443 371 1523 est,
407 1433 501 1531 qvod
536 1433 581 1508 de
614 1433 803 1530 principiis
830 1432 983 1506 actionis
1008 1432 1211 1506 fabularum
1237 1456 1333 1507 nunc
1358 1433 1570 1508 addendum.
1626 1431 1718 1508 Sunt
1745 1433 1857 1521 multi,
1886 1435 1946 1528 qvi

304 1555 424 1629 dicant
457 1553 592 1629 fabulis
623 1554 779 1628 scenicis
805 1553 920 1627 fuisse
946 1552 1121 1626 musicum
1148 1553 1325 1649 qvoddam
1353 1555 1536 1629 exordium
1563 1551 1822 1646 (Ouoerture).
1878 1554 1947 1627 No·

303 1675 365 1748 lim
392 1674 556 1770 eqvidem
580 1673 665 1748 huic
691 1673 852 1769 opinioni
878 1695 1091 1767 repugnare,
1121 1674 1254 1770 qvippe
1279 1697 1344 1770 per
1362 1697 1402 1748 se
1421 1673 1610 1748 admodum
1631 1674 1831 1748 verisimili.
1874 1672 1947 1748 Sed

302 1795 339 1869 id
374 1802 633 1890 argumentum,
668 1794 708 1867 in
743 1816 813 1889 qvo
848 1792 915 1866 niti
949 1792 1089 1882 dicitur,
1118 1816 1190 1867 non
1216 1794 1367 1889 accipio.
1420 1795 1540 1869 Ducta
1566 1795 1660 1868 enim
1688 1803 1744 1868 est
1769 1818 1815 1868 ex
1841 1794 1947 1867 inter·

301 1915 501 2012 pretatione
536 1914 671 1989 Donati
706 1915 751 1988 de
787 1914 971 1988 comoedia
1003 1937 1038 2009 p.
1071 1914 1204 1988 XVIII
1232 1914 1316 1988 edit.
1344 1916 1491 1989 Terent.
1520 1915 1656 2004 Klotz,
1684 1915 1746 1989 ubi
1773 1938 1946 2010 grammu-

301 2036 406 2125 ticus,
443 2035 488 2109 de
523 2034 675 2108 canticis
710 2033 862 2122 locutus,
900 2032 954 2107 sic
988 2034 1123 2129 pergit:
1161 2031 1387 2132 Hujusmadi
1421 2033 1515 2110 adeo
1551 2035 1716 2110 carmina
1751 2033 1804 2109 ad
1836 2033 1946 2110 tibica

299 2153 450 2251 fiebant,
486 2159 527 2228 at
557 2151 616 2228 luis
642 2150 782 2228 auditis
806 2153 909 2230 multi
935 2176 984 2229 ex
1001 2153 1143 2253 popolo
1171 2161 1256 2228 ante
1282 2152 1478 2244 discerent,
1505 2176 1608 2252 poam
1630 2153 1800 2249 sabulum
1828 2155 1947 2229 acturi

301 2272 466 2350 scaenici
498 2280 630 2365 essent,
667 2296 770 2372 qoam
806 2272 949 2349 111111
983 2272 1250 2373 spectatoribus
1277 2273 1369 2372 11111
1395 2270 1616 2348 antecedens
1642 2273 1766 2349 titulus
1787 2296 1946 2373 pronun·

303 2394 467 2469 liceretur.
522 2394 745 2468 Ritschelius
758 2393 816 2488 ”)
851 2394 890 2466 in
924 2393 993 2468 hoc
1027 2392 1108 2467 loco
1143 2417 1361 2490 magnopere
1397 2394 1555 2482 offendit,
1592 2395 1664 2489 qvi,
1697 2394 1791 2468 sicut
1817 2395 1943 2493 ceteri,

303 2523 472 2612 qvantum
500 2515 616 2605 video,
645 2537 780 2603 omnes,
808 2515 989 2589 Donatum
1015 2514 1085 2588 hoc
1111 2514 1231 2588 dicere
1251 2521 1367 2609 putat:
1397 2515 1593 2605 „usitatum
1610 2515 1749 2588 fuisse“
1774 2557 1816 2567 —
1841 2514 1945 2609 (Her-

302 2635 423 2709 manni
449 2643 533 2709 sunt
558 2634 648 2709 haec
674 2636 796 2722 verba,
824 2635 849 2707 l.
878 2659 909 2708 c.
936 2658 971 2731 p.
1001 2636 1091 2730 296)
1117 2677 1169 2688 —
1196 2643 1270 2726 ,,11,
1298 2645 1381 2708 1111
1402 2658 1507 2731 qvam
1529 2636 1724 2709 histriones
1742 2636 1780 2708 in
1800 2658 1945 2708 scenam

302 2755 497 2851 prodirent,
533 2756 640 2829 immo
676 2763 758 2830 ante
794 2778 899 2852 qvam
934 2754 1078 2828 fabulae
1112 2755 1238 2829 titulus
1271 2757 1571 2851 pronuntiaretur,
1599 2756 1734 2830 tibicen
1760 2756 1849 2830 tibia
1874 2778 1945 2829 mo·

302 2876 368 2949 dos
404 2885 549 2951 caneret
583 2898 658 2966 eos,
696 2878 756 2972 qvi
791 2875 920 2948 deinde
955 2875 1108 2950 canticis
1143 2882 1266 2949 essent
1300 2875 1533 2951 adhibendi.“
1595 2877 1697 2951 Haec
1724 2875 1945 2950 Ritschelius

301 2997 611 3091 argumentatione
642 2996 871 3092 impugnans,
907 3019 1012 3091 qvam
1040 2995 1191 3069 anobis
1218 2996 1345 3070 referri
1373 3019 1443 3070 nou
1470 3019 1560 3093 opus
1588 3005 1654 3086 111,
1683 2997 1867 3070 contendit
1893 3019 1944 3069 er·

302 3118 374 3192 rori
400 3117 536 3191 Donati
560 3116 654 3190 hanc
682 3117 760 3212 eJus
787 3116 1026 3190 narrationem
1053 3116 1163 3190 tribui
1190 3115 1331 3201 debere,
1360 3116 1421 3213 qvi
1448 3117 1555 3191 etiam
1583 3117 1628 3191 de
1648 3125 1755 3191 cantu
1775 3116 1945 3190 tibiarum

302 3239 347 3312 ab
373 3237 672 3332 intelligentibus,
701 3260 780 3310 cum
806 3237 951 3311 auditus
979 3244 1087 3325 esset,
1116 3236 1302 3332 recognito
1328 3237 1481 3332 turpiter
1508 3259 1548 3310 se
1574 3238 1654 3333 ipse
1675 3236 1882 3311 fefellisset:
1907 3237 1944 3311 id

302 3358 397 3431 enim
432 3367 467 3431 11
503 3357 674 3453 deinceps
701 3366 821 3432 cetera
847 3365 926 3430 orta
952 3380 1036 3432 esse
1063 3380 1082 3431 e
1108 3357 1202 3431 male
1229 3356 1413 3430 intellecto
1439 3357 1519 3430 loco
1546 3357 1611 3431 illo
1638 3356 1827 3433 Ciceronis
1855 3360 1945 3432 Aca·

302 3478 392 3552 dem.
421 3478 470 3552 II.
500 3484 534 3553 7.
564 3484 612 3554 20
645 3520 687 3531 -
723 3502 828 3574 qvem
854 3477 970 3551 locum
998 3479 1269 3573 grammaticum
1295 3477 1333 3550 in
1359 3486 1477 3551 mente
1503 3478 1674 3552 habuisse
1700 3480 1745 3551 A.
1775 3477 1821 3553 G.
1852 3479 1945 3552 Lan·

301 3598 384 3693 gius
416 3599 493 3693 jam
528 3605 611 3672 ante
645 3598 848 3693 conjecerat
861 3597 955 3689 mu
997 3593 1108 3688 (loom
1134 3598 1259 3688 multu,
1286 3620 1377 3694 pone
1401 3620 1469 3674 nos
1490 3597 1644 3695 sapiunt
1669 3597 1706 3671 11
1734 3606 1855 3691 cautu,
1883 3622 1944 3673 eu·

301 3837 408 3936 ajunt
431 3845 497 3914 ant
520 3835 825 3929 Andromacham,
851 3860 931 3914 cum
958 3835 1001 3912 id
1023 3860 1091 3914 111
1116 3861 1163 3911 11
1187 3837 1414 3937 suspicemur
1441 3836 1592 3935 quidem.
1640 3837 1862 3926 Ciceronem,
1884 3862 1943 3914 cu·

296 3958 359 4053 jus
394 3960 505 4034 verba
539 3960 704 4033 Donatus
736 3959 832 4033 falso
862 3959 908 4032 ad
935 3958 1099 4032 scenicas
1126 3959 1286 4032 actiones
1313 3958 1507 4045 retulisset,
1537 3959 1776 4045 mandabis,
1806 3959 1872 4034 sed
1898 3960 1943 4034 de

300 4078 603 4154 modulationibus
638 4079 828 4177 quibusvis
862 4078 944 4152 11111
979 4079 1145 4153 tibiarum
1177 4080 1318 4153 1111111
1345 4103 1364 4154 1
1391 4080 1590 4176 tragoediis
1617 4081 1818 4154 1111111111
1845 4081 1944 4176 loqvi

299 4198 523 4274 Ritschelius
557 4200 619 4273 ait.
673 4200 723 4273 At
757 4221 845 4273 vero
879 4222 924 4274 ne
960 4199 1126 4273 Donatus
1159 4200 1302 4295 quidem
1333 4200 1371 4273 in
1397 4201 1454 4290 iis,
1483 4223 1574 4295 qvae
1601 4201 1645 4274 de
1672 4201 1784 4289 tibiis,
1813 4203 1943 4298 qvibns

239 4313 242 4316 ⁴
299 4320 432 4393 auditis
458 4320 572 4408 multi,
605 4343 710 4415 qvam
736 4320 895 4395 fabulam
922 4319 1037 4393 acturi
1064 4319 1200 4394 scenici
1226 4329 1360 4411 essent,
1383 4321 1459 4416 jam
1486 4329 1570 4396 1111
1597 4323 1865 4417 cognovissent,
1892 4332 1942 4396 at·

299 4440 391 4530 tulit,
427 4440 571 4513 fabulae
606 4463 725 4514 coram
761 4441 893 4536 populo
928 4440 1115 4529 actionem,
1152 4463 1275 4514 verum
1310 4440 1343 4514 is
1370 4448 1478 4528 certe,
1508 4450 1544 4515 11
1568 4442 1723 4516 fortasse
1751 4443 1856 4516 etiam
1884 4440 1943 4518 Ci-

300 4581 392 4647 cero,
421 4560 696 4635 exercitationes
723 4561 886 4635 scenicas
912 4569 995 4634 ante
1022 4559 1127 4634 ludos
1154 4568 1190 4634 et
1210 4569 1292 4634 ante
1313 4560 1429 4635 editos
1449 4561 1593 4635 libellos
1613 4563 1836 4636 munerarios
1854 4565 1942 4658 (qvi-

402 4831 434 4908 *)
464 4834 509 4894 Dc
538 4834 652 4908 reliqvo
681 4832 748 4894 clu.
778 4835 932 4913 Bentlejus
960 4835 999 4895 ad
1027 4835 1119 4895 Andr.
1143 4836 1180 4894 V.
1205 4839 1233 4898 6.
1260 4840 1308 4909 17,
1337 4836 1474 4899 Wollfius
1495 4856 1525 4915 p.
1553 4841 1687 4905 18-20,
1711 4839 1887 4900 Ritschelius
1910 4841 1940 4898 11

299 4934 519 5011 Prolegomenie
542 4935 682 4996 editionis
704 4937 859 4998 Plautinae
881 4957 911 5014 p.
933 4938 1025 4997 XXX.

402 5054 451 5129 **)
475 5058 632 5131 Parerpon
654 5059 858 5118 Plautinorrun
884 5058 1188 5135 Terentianorumque
1211 5061 1269 5120 rol.
1295 5065 1321 5130 1,
1346 5078 1376 5137 p.
1401 5063 1581 5123 sor-304.

401 5174 470 5252 m)
501 5177 655 5238 Vindictae
677 5181 855 5253 tragoediae
875 5181 1034 5240 Romanae
1055 5179 1152 5257 (Lipe.
1179 5182 1287 5255 1822),
1312 5199 1342 5258 p.
1366 5183 1416 5242 45.
