4726 6270
409 537 450 600 5⁶2
945 533 1165 599 Ennianus
1191 551 1213 597 s
1238 530 1412 598 Bausta.

363 744 398 808 et
423 734 482 807 hio
508 741 543 806 et
570 731 656 806 alibi
682 732 721 805 in
747 732 803 821 iis,
831 754 921 826 quae
947 730 981 806 ci
1007 731 1220 820 tribuuntur,
1250 753 1287 804 re
1315 754 1399 806 uera
1424 731 1469 806 ab
1496 731 1598 804 initio
1618 731 1736 805 omnia
1755 732 1880 822 inisse,
1902 754 1994 828 qvae

360 861 487 950 postea
512 852 754 927 additionibus
780 852 960 946 uariisque
985 851 1241 925 mutationibus
1267 851 1467 926 adulterata
1492 859 1586 939 sunt,
1617 874 1680 925 cnr
1709 853 1912 947 negandum
1934 853 1994 944 sit,

363 997 433 1049 non
458 973 713 1070 perspexerim.
767 972 825 1046 Ad
851 994 931 1045 eum
957 971 1068 1067 igitur
1089 972 1299 1067 scriptorem
1320 978 1366 1059 et,
1388 979 1558 1068 quantum
1575 969 1653 1046 fieri
1673 973 1800 1067 possit,
1819 973 1867 1047 ad
1884 975 1997 1048 uerba

361 1093 576 1190 principalia
601 1091 839 1188 grauissimus
865 1091 968 1164 locus
994 1090 1217 1165 reuocandus
1243 1091 1297 1165 sic
1323 1091 1478 1167 uidetur:
1511 1088 1724 1188 Aqebantur
1749 1099 1869 1168 autem
1895 1090 1997 1169 tibiis

354 1212 515 1313 paribus
550 1218 615 1286 aut
647 1210 846 1310 imparibus
881 1215 919 1284 et
951 1208 1094 1285 dextris
1126 1216 1192 1285 aut
1218 1209 1390 1286 sinistris.
1445 1206 1629 1285 Sinistrae
1654 1214 1692 1285 et
1715 1207 1904 1288 Sarranae
1928 1235 1998 1290 saa

360 1332 542 1430 pravitate
573 1331 709 1407 seriam
741 1328 951 1406 comoediae
979 1327 1172 1405 dictionem
1193 1328 1570 1430 praenuntiabant*).
1625 1326 1793 1406 Dextrae
1818 1338 1937 1407 autem
1963 1338 2001 1407 et

365 1450 514 1549 Lydiae
539 1450 716 1527 acuminis
742 1449 886 1524 leuitate
901 1448 1032 1547 jocum
1059 1450 1096 1524 in
1123 1448 1313 1526 comoedia
1340 1447 1585 1526 ostendebant.
1637 1446 1705 1526 Ubi
1726 1457 1844 1526 autem
1865 1450 1997 1529 deutra

367 1580 404 1645 et
434 1570 587 1646 sinistra
618 1576 701 1644 acta
726 1566 860 1663 sabula
888 1565 1168 1661 inscribebatur,
1193 1569 1325 1646 mistim
1341 1570 1428 1668 joci
1454 1576 1492 1644 et
1512 1569 1712 1666 prauitates
1739 1569 1997 1648 denuntiaban-

366 1690 512 1780 tur**).
565 1688 733 1764 Ceterum
766 1711 898 1783 prauae
925 1689 1017 1763 istae
1044 1689 1150 1762 trium
1177 1689 1336 1765 locorum
1362 1691 1611 1778 correctiones,
1640 1691 1765 1785 primo,
1794 1692 1931 1788 opinor,
1959 1702 1998 1767 ut

365 1810 556 1897 assolebat,
594 1808 788 1883 modestius
823 1810 916 1883 inter
949 1809 1065 1883 lineas
1095 1811 1154 1884 vel
1180 1812 1217 1884 in
1243 1811 1405 1906 margine
1432 1810 1599 1905 scriptae,
1628 1812 1802 1907 quomodo
1828 1813 1866 1887 in
1893 1814 1997 1888 nouis

366 1929 627 2025 exemplaribus
661 1931 771 2003 uerba
806 1930 939 2003 Donati
974 1930 1155 2025 expellere
1188 1931 1304 2027 iisque
1339 1931 1531 2005 succedere
1566 1931 1758 2026 potuerint,
1790 1955 1904 2022 nemo,
1938 1934 1999 2028 qui

367 2051 486 2127 studia
512 2050 636 2124 critica
661 2049 699 2122 in
725 2049 923 2123 litterarum
949 2049 1173 2144 antiquarum
1199 2051 1435 2123 monumentis
1462 2051 1631 2140 exercuit,
1652 2052 1779 2126 nescit.
1826 2051 1917 2142 Quis
1936 2053 1999 2128 ille

366 2179 544 2244 corrector
576 2178 611 2243 et
641 2192 711 2264 quo
737 2176 896 2265 tempore
922 2169 1040 2259 fuerit,
1066 2170 1289 2265 ignoramus3
1318 2177 1393 2243 tum
1419 2193 1505 2243 vero
1532 2193 1612 2245 eum
1638 2171 1786 2258 vixisse,
1815 2195 1895 2246 cum
1921 2173 1999 2248 tibi·

366 2314 466 2365 arum
501 2299 660 2364 ueterum
696 2291 822 2364 notitia
856 2288 1028 2384 quaedam
1060 2291 1135 2384 jam
1161 2298 1297 2364 tantum
1323 2289 1419 2384 apud
1445 2290 1570 2364 doctos
1595 2300 1806 2382 remaneret,
1835 2301 1871 2367 et
1896 2316 1999 2389 prop·

368 2419 467 2485 terea
492 2412 646 2485 fortasse
673 2410 843 2506 Calliopii
869 2410 1054 2504 aequalem
1081 2410 1195 2484 fuisse
1216 2411 1298 2505 jure
1325 2410 1553 2483 statuendum
1579 2411 1737 2506 essm).

469 2531 537 2604 III.
592 2530 896 2626 Transgredimur
921 2530 967 2603 ad
993 2529 1308 2605 Phormionem.
1361 2530 1405 2603 In
1431 2529 1554 2604 codice
1581 2531 1755 2606 Bembina
1781 2532 1911 2608 desunt
1937 2532 1998 2606 hu·

363 2653 425 2747 jus
452 2651 656 2726 comoediae
682 2650 797 2736 titulo,
826 2651 929 2746 cujus
955 2674 1103 2725 mancae
1128 2651 1300 2747 reliquiae
1327 2660 1530 2746 supersunt,
1559 2652 1676 2727 omnia
1702 2653 1746 2729 de
1772 2653 1886 2739 tibiis;
1918 2651 1998 2728 Cal·

366 2771 514 2868 liopiani
545 2769 646 2847 tibiis
679 2769 878 2870 imparibus
910 2776 1018 2846 totam
1050 2778 1166 2845 actam
1192 2778 1338 2844 narrant
1363 2793 1497 2859 omnes,
1525 2778 1697 2866 quotquot
1723 2773 1877 2847 consulti
1903 2782 1997 2861 sunt,

368 2893 527 2988 exceptis
553 2892 668 2966 tribus
682 2892 800 2987 *mk
825 2891 864 2965 in
890 2891 1025 2965 Donati
1042 2892 1263 2988 praefatione
1282 2891 1374 2966 haec
1393 2898 1491 2965 sunt:
1520 2886 1627 2966 Haec
1647 2897 1730 2967 acta
1749 2898 1806 2968 est
1826 2935 1867 2946 -
1887 2937 1931 2948 -
1950 2935 1995 2947 -

377 3048 487 3056 ——....

368 3140 414 3194 ter
442 3134 528 3194 illud:
566 3134 629 3193 Wie
654 3135 743 3194 leicbt
762 3134 893 3194 boantem
915 3134 980 3194 bier
1000 3133 1086 3210 bearn
1108 3134 1295 3210 Eacapircrr
1316 3149 1374 3194 von
1395 3135 1488 3194 ciuem
1515 3133 1711 3210 Uutundiaea
1734 3135 1783 3195 die
1810 3135 1912 3196 Warte
1933 3151 1997 3196 aer·

370 3239 487 3297 tauscbt
506 3238 643 3297 maden!

470 3338 502 3414 *)
532 3338 578 3398 lta
606 3339 887 3415 (praenuntiabant,
916 3359 974 3400 non
997 3338 1257 3416 pronuntiabant)
1279 3337 1327 3398 hic
1349 3338 1536 3398 scribendum
1559 3355 1624 3397 esse
1644 3338 1758 3416 conjeci
1779 3356 1870 3414 supra
1892 3356 1922 3415 p.
1946 3343 1996 3401 30.

471 3440 522 3517 **)
551 3440 726 3519 Imperfecto
756 3448 887 3517 tempore
916 3442 1073 3503 uerborum
1095 3443 1230 3502 Donatus
1252 3441 1295 3501 nti
1318 3441 1426 3516 pergit,
1449 3440 1498 3500 ubi
1521 3459 1580 3500 non
1598 3441 1661 3516 jam
1684 3440 1862 3501 demonicis
1884 3442 1998 3503 exerci-

368 3544 531 3604 tationibus
559 3551 629 3604 ante
656 3545 802 3604 actionem
828 3543 946 3604 fabulae
969 3544 1123 3611 institutis,
1146 3544 1198 3604 sed
1221 3544 1258 3604 de
1279 3543 1419 3604 librorum
1442 3543 1587 3603 editorum
1610 3543 1713 3612 titulis,
1736 3544 1808 3620 quid
1830 3544 1868 3604 de
1889 3563 1998 3622 genere

367 3646 496 3707 musicae
523 3647 600 3717 olim,
629 3664 695 3707 cnm
717 3647 747 3706 in
770 3647 846 3707 ludis
869 3647 993 3707 scenicis
1015 3647 1186 3708 comoediae
1208 3647 1356 3718 florerent,
1379 3646 1613 3723 intelligentibus
1635 3647 1834 3723 promiserint,
1855 3648 1996 3724 loquitur.

367 3750 401 3809 ln
424 3750 481 3810 hoc
503 3749 574 3810 nihil
598 3755 653 3816 est.
676 3750 756 3826 quod
778 3751 918 3811 offendat.
962 3750 1021 3810 Sed
1043 3750 1180 3825 qvoniam
1203 3750 1448 3809 Terentianarnm
1470 3748 1636 3809 fabularum
1659 3749 1738 3810 tituli
1760 3768 1819 3810 non
1836 3750 1910 3810 illud
1925 3769 1997 3812 con-

367 3851 495 3920 firmant,
524 3855 635 3914 dextra
664 3859 693 3914 et
720 3856 843 3914 anatra
865 3861 950 3915 actas
972 3853 1095 3914 inscribi
1116 3853 1221 3913 solitas
1242 3869 1308 3912 esse
1329 3851 1446 3911 rabulas
1468 3852 1628 3928 imparibus
1650 3859 1733 3913 actas
1755 3852 1846 3921 tibiis,
1868 3859 1898 3914 et
1919 3854 1998 3914 illias

368 3955 587 4015 Pseudodonati
615 3956 645 4015 id
673 3961 727 4024 est,
752 3961 898 4032 utsupra
920 3957 1110 4022 ostendimus.
1134 3955 1214 4030 quod
1236 3955 1266 4014 in
1288 3955 1474 4036 praefatione
1493 3953 1629 4015 Eunuchi
1651 3954 1724 4015 haee
1745 3955 1898 4016 comoedia
1920 3955 1999 4017 tibiis

368 4058 478 4116 deutra
500 4065 528 4117 et
549 4059 671 4118 sinistra
693 4064 759 4118 acta
782 4058 898 4130 dicitur,
921 4076 1100 4136 magnopere
1122 4058 1282 4117 uerendum
1305 4062 1360 4124 est,
1383 4075 1421 4117 ne
1443 4058 1574 4135 ejusdem
1596 4056 1722 4117 hominis
1744 4075 1848 4118 manus
1869 4058 1998 4136 aliquam

369 4160 562 4220 mutationem
591 4161 796 4236 importaverit
823 4161 891 4221 huic
919 4179 1037 4238 quoque
1066 4161 1158 4238 parti;
1182 4178 1241 4237 qvo
1263 4160 1329 4219 loco
1351 4165 1459 4227 tamen,
1482 4161 1507 4220 si
1530 4160 1672 4236 scripturn
1695 4165 1787 4220 essct:
1823 4159 1879 4221 Ubi
1900 4167 1998 4222 autera

367 4261 539 4339 imparibus,
562 4263 597 4322 id
617 4269 660 4322 est
681 4263 791 4323 denna
813 4271 842 4323 et
862 4265 992 4333 sinistra,
1017 4272 1087 4324 acta
1105 4262 1216 4338 fabula
1237 4260 1457 4322 inscribebatur
1478 4280 1504 4323 e.
1528 4279 1557 4338 q.
1581 4280 1616 4330 s..
1639 4263 1737 4324 omnia
1758 4264 1932 4340 incorrupta
1950 4264 1997 4322 ui-

368 4363 516 4424 darentur.

469 4465 537 4540 m)
561 4466 592 4526 Si
614 4467 662 4527 cui
684 4468 780 4527 minus
801 4468 946 4544 placuerit
968 4468 1126 4544 explicatio
1148 4468 1196 4529 hic
1218 4487 1237 4528 a
1258 4470 1344 4530 nobis
1366 4469 1529 4545 proposita,
1552 4470 1612 4530 alia
1632 4468 1799 4546 explicandi
1821 4469 1872 4529 uia
1890 4474 1920 4529 et
1935 4468 1997 4530 ior·

367 4575 446 4629 tasse
468 4569 583 4635 facilior
604 4588 637 4631 sc
658 4571 795 4631 ostendet
816 4571 859 4631 sic
881 4571 1029 4643 sentienti,
1052 4570 1129 4632 forte
1151 4571 1275 4648 primum
1298 4590 1333 4633 ac
1354 4573 1419 4633 sine
1441 4572 1594 4633 voluntate
1616 4573 1707 4633 uerba
1729 4571 1882 4633 alibrario
1898 4579 1997 4632 trans-

366 4672 464 4748 posita
493 4690 559 4733 esse
586 4674 618 4732 in
646 4673 795 4750 prooemio
824 4673 861 4733 de
890 4673 1044 4734 comoedia
1072 4675 1193 4749 scripto,
1223 4674 1328 4735 deinde
1356 4677 1567 4737 conuenienter
1595 4675 1760 4737 sententiae
1788 4675 1829 4735 ibi
1850 4675 1894 4735 ita
1915 4680 1998 4736 ortae

366 4775 584 4836 emendatorem
611 4777 738 4852 aliquem
764 4777 899 4837 consulto
922 4782 952 4836 et
974 4793 1065 4837 cansa
1086 4777 1204 4855 adjecta
1225 4778 1271 4839 bis
1293 4779 1323 4838 in
1345 4777 1580 4854 praefationibus
1602 4779 1818 4841 comoediarum
1841 4796 1878 4838 ea
1898 4784 1997 4839 muta·

365 4878 452 4945 visse.
476 4896 552 4954 quae
573 4897 638 4940 curn
661 4877 881 4939 definitionibus
905 4879 1013 4940 Donati
1035 4880 1065 4939 in
1087 4880 1233 4956 principio
1255 4880 1354 4957 operis
1375 4881 1475 4943 allatis
1495 4873 1630 4960 pugnare
1652 4882 1855 4944 arbitraretur.

467 4981 556 5058 ΝΜ)
585 4982 619 5041 ln
649 5000 708 5043 uno
736 4981 846 5057 legitur
875 4981 961 5058 tybiis
985 4981 1150 5062 parilibus5
1177 4983 1302 5043 duorum
1329 4983 1464 5046 librarios
1487 4985 1650 5047 auctoritas
1672 4985 1783 5047 Donati
1805 4984 1997 5047 commovisse

364 5083 491 5150 videtur,
514 5091 547 5145 nt
569 5085 734 5145 scriberent
756 5083 833 5145 tibiis
853 5088 989 5146 sarranis
1010 5085 1188 5164 inpertiam
1210 5085 1241 5146 in
1263 5086 1370 5147 ceteris
1393 5093 1439 5149 est
1461 5087 1540 5150 tibiis
1561 5088 1724 5165 imparibus
1741 5089 1790 5149 uel
1803 5087 1996 5165 irrepariiibus

365 5184 437 5245 ortt.
461 5186 628 5264 (ioppertus
650 5187 669 5246 l.
693 5206 719 5247 c.
742 5206 772 5264 p.
797 5189 976 5248 sao—563.
