4726 6270
416 554 458 618 88
955 551 1177 619 Ennianus
1202 568 1226 617 n
1250 550 1423 618 Bnuuin

374 758 411 826 et
444 772 569 826 rursus
603 773 624 825 e
659 744 886 840 verecundia,
920 749 1108 842 modestia,
1140 746 1314 848 patientia
1337 748 1633 846 indulgentiaque
1659 749 1892 827 Philumenae
1914 753 2007 849 judi·

374 871 467 946 cium
492 870 642 962 iaciens,
670 877 802 969 qvanto
827 869 953 968 pluris,
981 893 1087 967 qvam
1112 870 1321 962 meretricis,
1347 871 1462 946 bonae
1487 870 1612 947 uxoris
1637 893 1738 947 amor
1762 872 2006 951 aestimandus

373 999 480 1066 esset.

1075 1177 1180 1255 VIII.
1232 1178 1301 1253 IX.

713 1332 1034 1409 Heautontim.
1061 1357 1096 1407 v.
1125 1337 1211 1410 583.
1263 1332 1441 1408 Phorm.
1469 1355 1505 1406 v.
1533 1337 1581 1409 20
1608 1355 1663 1429 sq.

472 1488 802 1586 Transpositorum,
829 1495 869 1562 ut
894 1487 1057 1583 conjicio,
1085 1509 1251 1561 versuum
1278 1484 1348 1560 duo
1374 1485 1539 1581 exempla
1563 1487 1722 1561 afferam.
1761 1487 1806 1562 In
1824 1487 2005 1565 Heauton·

370 1609 593 1684 timorumeni
628 1617 697 1684 act.
735 1607 800 1686 3tii
833 1631 885 1683 so.
914 1613 973 1685 3:a
998 1605 1172 1685 Chremes
1200 1631 1244 1681 ex
1269 1606 1420 1681 aedibus
1446 1628 1486 1680 se
1512 1606 1666 1703 proripit
1690 1629 1771 1681 cum
1796 1606 2004 1705 Clitiphone

369 1728 455 1818 lilio,
493 1752 596 1825 qvem
631 1730 792 1825 graviter
821 1728 992 1824 increpat,
1028 1727 1123 1824 qvod
1149 1750 1229 1801 eum
1255 1748 1334 1800 cum
1361 1726 1418 1801 sui
1444 1726 1561 1816 amici,
1588 1726 1745 1823 hospitio
1770 1727 1823 1802 ibi
1849 1731 2003 1826 excepti,

369 1848 521 1939 Cliniae,
558 1856 598 1923 ut
630 1870 741 1923 senex
775 1849 899 1939 credit,
936 1848 1053 1921 amica
1086 1847 1193 1921 nimis
1227 1845 1431 1942 petulanter
1464 1845 1644 1923 ludentem
1675 1847 1882 1923 offenderat.
1935 1848 2006 1924 Est

368 1977 451 2043 ante
476 1969 514 2043 in
540 1991 649 2043 scena
676 1967 801 2066 Syrus,
830 1967 891 2065 qvi
917 1991 956 2042 re
983 1967 1106 2042 audita
1130 1968 1187 2042 bis
1214 1989 1335 2041 secum
1354 1965 1521 2062 loquitur,
1540 1967 1644 2041 initio
1661 1968 1810 2058 veritus,
1833 1991 1879 2042 ne
1899 1969 2004 2044 dolus

368 2089 538 2164 audaciae
564 2088 773 2185 singularis,
802 2111 872 2184 qvo
898 2087 1125 2177 Bacchidem,
1154 2086 1258 2183 qvasi
1283 2094 1436 2160 amatum
1458 2084 1599 2162 Cliniae
1617 2086 1784 2184 puellam,
1804 2087 1843 2162 in
1861 2087 2003 2164 domum

368 2207 572 2287 Chremetis
606 2208 814 2299 introduxit,
846 2208 922 2303 jam
958 2207 1119 2282 detectus
1155 2208 1213 2281 sit.
1267 2207 1461 2302 Postqvam
1496 2214 1615 2280 autem
1647 2228 1771 2295 senex,
1798 2230 1878 2281 cum
1905 2207 2003 2283 filins

368 2330 412 2404 de
444 2329 515 2405 lide
547 2352 613 2403 sua
638 2330 791 2403 amicum
817 2352 888 2403 non
916 2327 1078 2402 dubitare
1105 2327 1340 2417 asseveravit,
1368 2326 1550 2422 aliqvanto
1576 2327 1693 2422 magis
1719 2327 1845 2402 sedato
1871 2329 2001 2420 animo,

368 2457 501 2547 quanta
525 2457 645 2523 tamen
672 2448 836 2522 cautione
863 2470 955 2543 opus
982 2447 1040 2537 sit,
1068 2471 1113 2522 ne
1140 2446 1301 2543 Clitipho
1327 2447 1500 2521 molestus
1524 2445 1588 2520 fiat
1614 2447 1826 2538 amantibus,
1854 2456 1890 2524 et
1909 2448 2002 2523 hanc

367 2570 412 2644 ob
439 2592 583 2645 cansam
610 2591 690 2643 eum
718 2567 958 2663 praesentiam
985 2589 1105 2640 eorum
1131 2567 1246 2643 vitare
1273 2567 1403 2642 debere
1430 2567 1521 2642 dixit
1545 2566 1653 2662 idque
1678 2589 1743 2664 pro
1770 2590 1837 2643 sua
1862 2569 2002 2665 sapien·

366 2691 418 2763 tia
452 2687 616 2784 exemplo
651 2710 671 2761 e
706 2709 771 2761 suo
797 2686 915 2782 ipsius
941 2687 1038 2762 vitae
1063 2709 1131 2761 usu
1157 2688 1270 2784 petito
1297 2687 1529 2778 confirmavit,
1559 2686 1676 2787 Syrus
1703 2694 1739 2761 et
1764 2686 1924 2785 Clitipho
1950 2689 2001 2763 in-

366 2818 422 2884 ter
447 2831 488 2883 se
513 2808 719 2906 loqvuntur3
749 2829 896 2903 quorum
922 2806 985 2880 ille
1011 2806 1216 2903 paedagogi
1241 2830 1381 2897 munus,
1405 2807 1500 2902 qvod
1519 2807 1746 2898 sustinuerat,
1767 2830 1999 2906 perseqvens,

367 2953 491 3005 severe
519 2937 555 3003 et
580 2929 720 3017 acerbe,
748 2927 914 3002 audiente
941 2949 1039 3016 sene,
1066 2927 1324 3023 impudicitiam
1350 2926 1571 3001 adolescenti
1592 2926 1749 3021 objectat
1767 2934 1874 3023 atqve
1893 2928 2000 3003 simul

367 3050 510 3146 ohliqve
536 3048 574 3123 in
601 3070 643 3123 eo
670 3047 761 3123 nihil
787 3048 859 3122 nisi
885 3047 1159 3144 imprudentiam
1185 3048 1424 3144 reprehendit,
1453 3046 1514 3121 hic
1538 3069 1625 3121 vero
1650 3048 1863 3125 veteratoris
1889 3050 2000 3123 verba

367 3169 594 3265 contemptim
621 3168 795 3265 repudiat.
850 3168 943 3242 Tum
970 3169 1200 3265 conseqvitur
1225 3169 1257 3242 is
1284 3189 1422 3258 versus,
1451 3167 1496 3241 de
1522 3188 1593 3263 qvo
1620 3173 1675 3241 est
1701 3168 1878 3262 quaestio:

442 3323 517 3400 CL.
554 3321 637 3400 No‘n
665 3320 837 3399 accedam
863 3320 918 3398 od
939 3322 1047 3398 illos?
1081 3320 1160 3399 CH.
1197 3320 1280 3399 Eleo
1307 3343 1453 3421 quaese,
1480 3323 1554 3397 eino
1579 3318 1781 3398 accedendi
1805 3321 1922 3397 eiust?

366 3480 471 3572 Qvod
506 3478 725 3577 Clitiphonis
758 3478 819 3553 hic
853 3486 920 3570 est,
957 3478 996 3552 id
1032 3476 1127 3577 Syro
1162 3477 1282 3553 dicere
1308 3501 1380 3553 non
1405 3484 1534 3575 potest,
1563 3477 1639 3567 sed,
1668 3477 1699 3551 si
1725 3484 1844 3552 tamen
1870 3501 1999 3555 versus

364 3601 459 3676 huno
484 3600 601 3676 locum
627 3608 725 3675 recte
749 3606 880 3690 teneat,
908 3599 1013 3696 patri,
1041 3598 1099 3672 cui
1126 3598 1217 3689 ideo,
1246 3599 1339 3694 qvod
1360 3597 1607 3695 respondetur,
1626 3597 1807 3688 tribuitur;
1826 3597 1896 3672 hoc
1913 3622 1997 3675 vero

365 3742 576 3817 responsum
611 3742 683 3794 non
716 3719 808 3793 bene
843 3741 883 3794 se
917 3717 1035 3793 habet.
1089 3715 1181 3793 Cum
1207 3719 1302 3793 enim
1329 3717 1383 3793 sic
1408 3726 1546 3816 patrem
1572 3724 1677 3813 roget
1700 3715 1809 3807 filius,
1837 3741 1920 3792 num
1946 3742 1998 3794 re·

364 3866 450 3917 vera
485 3840 555 3916 sibi
590 3862 661 3914 non
696 3838 803 3914 liceat
834 3838 881 3913 ad
907 3839 1042 3913 amicos
1068 3837 1197 3930 redire,
1224 3836 1398 3914 Chremes
1424 3860 1540 3934 neqve
1553 3830 1617 3911 ‘ait
1643 3859 1757 3932 neqve
1782 3846 1904 3933 negat,
1932 3838 1997 3915 sed

363 3961 511 4056 quaerit,
540 3961 634 4034 sitne
660 3982 743 4049 una,
770 3981 876 4054 qvam
902 3958 1043 4033 noverit
1060 3955 1169 4047 filius,
1189 3959 1249 4032 viu
1265 3957 1312 4032 ad
1331 3981 1393 4032 eos
1412 3956 1606 4033 accedendi
1624 3955 1688 4031 illa
1705 3956 1896 4054 impudica.
1935 3957 1996 4032 Et·

363 4082 457 4156 enim
482 4081 576 4155 hanc
603 4079 814 4155 sententiam
841 4103 861 4154 e
887 4080 1007 4154 verbis
1034 4078 1236 4155 Chremetis
1263 4078 1393 4154 elicere
1421 4078 1633 4154 studuerunt
1653 4076 1882 4174 interpretes;
1903 4078 1995 4153 mule

362 4223 448 4275 vero
483 4199 737 4296 Culphurnius,
773 4199 1054 4296 interrogatione
1084 4198 1184 4273 nulla
1208 4197 1246 4271 in
1272 4220 1446 4295 responso
1472 4197 1608 4293 agnita,
1637 4198 1836 4272 annotavit:
1875 4193 1992 4291 ,Eho

361 4320 443 4395 Hoc
468 4320 548 4395 loco
575 4319 799 4396 admonentis
826 4327 891 4394 est.
937 4315 1016 4394 Una
1034 4317 1104 4394 oio.
1147 4315 1295 4393 Scilicet
1313 4317 1479 4393 honesta:
1501 4341 1547 4392 ne
1567 4317 1653 4412 qvid
1671 4318 1848 4414 impudice
1865 4324 1994 4414 agas.“

361 4441 506 4516 Judicio
532 4440 683 4515 aliorum
709 4441 937 4514 commissum
965 4438 1148 4528 voluerim,
1177 4461 1295 4513 nonne
1321 4459 1387 4535 pro
1407 4438 1473 4511 tali
1492 4436 1710 4513 obscuritate
1729 4437 1869 4511 restitui
1887 4461 1994 4512 versu

361 4561 627 4658 transponendo
653 4560 725 4651 lux,
762 4567 799 4634 et
823 4559 883 4634 hic
909 4582 1036 4634 versus
1063 4559 1186 4632 sedem
1211 4580 1313 4632 suam
1340 4558 1521 4654 recepisse
1547 4557 1710 4632 videatur
1735 4577 1779 4632 eo
1804 4556 1895 4647 loco,
1924 4581 1994 4655 qvo

362 4704 442 4755 eum
476 4683 572 4755 inira
605 4680 761 4777 migrare
791 4681 899 4776 jussi,
935 4680 997 4755 ubi
1031 4679 1151 4753 omnia
1185 4701 1264 4753 eum
1295 4676 1461 4751 inlibris
1487 4699 1601 4774 usqve
1626 4676 1673 4751 ud
1698 4675 1806 4751 finem
1833 4677 1993 4772 ejusdem

361 4824 490 4876 scenae
517 4802 705 4899 seqventia
731 4800 927 4875 secundum
952 4798 1228 4874 Fleckeisenum
1255 4796 1481 4873 exhibentur:

362 4955 435 5030 SY.
468 4936 644 5031 detumet:
670 4951 731 5030 dic
746 4952 859 5053 prius
883 4976 925 5029 se
949 4951 1134 5044 tndz'ourit,
1161 4959 1261 5050 quom
1288 4973 1355 5048 eqo
1382 4956 1570 5050 arpentum
1597 4946 1770 5051 effecero.

468 5072 652 5167 Chremes,
686 5074 744 5150 oin
777 5081 815 5150 tu
840 5070 977 5149 homiui
1001 5072 1110 5149 stulto
1136 5071 1186 5146 mi
1212 5071 1440 5146 auscultare?
1479 5068 1558 5147 CH.
1602 5066 1699 5160 Quid
1717 5069 1882 5167 sacione?
1917 5070 1990 5146 SY.

1582 5186 1679 5268 Jube
1702 5186 1799 5267 huuc
