4726 6270
402 535 445 596 48
938 529 1161 595 Ennasnus
1188 547 1210 595 a
1236 530 1409 598 Bausta.

362 729 524 803 Terentii
559 728 657 803 credi
689 727 819 801 debere
851 726 1008 817 disserit,
1035 728 1081 802 ab
1106 727 1200 823 ipsis
1224 726 1324 803 tibiis
1349 737 1478 820 autern,
1506 753 1597 825 qvas
1623 731 1716 806 inter
1741 733 1930 828 gravitatis
1955 741 1993 808 et

362 849 535 923 acuminis
562 847 754 922 discrimen
780 869 852 921 non
879 847 1015 939 statuit,
1042 847 1179 921 nullum
1204 856 1451 945 argumentum
1478 850 1568 946 petit
1593 852 1643 948 (p.
1667 856 1740 928 594
1761 852 1867 949 sqq).
1908 850 1993 927 Una

363 978 417 1043 est
443 992 513 1059 res,
551 969 654 1063 cujus
680 967 817 1041 ratione
842 964 966 1040 habita
991 967 1038 1058 id,
1067 967 1160 1063 qvod
1187 969 1330 1043 codices
1355 971 1518 1044 Terentii
1544 970 1589 1045 de
1614 971 1781 1046 Eunuchi
1806 971 1906 1046 tibiis
1931 995 1991 1046 au·

361 1096 519 1163 notatum
554 1088 697 1177 habent,
733 1110 898 1160 mancum
932 1087 1107 1161 videatur.
1163 1087 1306 1162 Etenim
1333 1096 1416 1185 post
1440 1090 1528 1164 illud
1555 1088 1657 1166 tibiis
1683 1088 1825 1166 duabus
1851 1089 1992 1166 darbia

362 1209 464 1284 deest
489 1210 528 1282 in
554 1207 750 1281 didascalia
775 1229 847 1280 vox
872 1211 960 1297 tota,
994 1229 1085 1303 qvae
1111 1206 1233 1281 addita
1258 1208 1450 1303 significat,
1477 1218 1517 1283 ut
1543 1231 1587 1284 ex
1613 1209 1728 1284 titulis
1753 1210 1861 1307 hujus
1885 1234 1992 1307 geue·

362 1329 424 1417 ris,
453 1327 514 1424 qvi
540 1333 743 1423 supersunt,
771 1333 877 1420 atqve
904 1325 1011 1399 etiam
1038 1348 1058 1399 e
1084 1327 1203 1401 verbis
1229 1328 1487 1423 praefationum
1509 1329 1643 1404 Donati
1663 1329 1752 1404 satis
1771 1329 1992 1406 intellectum

363 1460 429 1537 est,
465 1447 622 1522 fabulam
657 1469 710 1537 eo,
747 1445 841 1540 qvod
876 1446 1086 1534 nominatur,
1119 1469 1251 1541 genere
1276 1448 1443 1523 tibiarum
1469 1450 1547 1524 solo
1573 1450 1789 1524 modulatam
1813 1450 1928 1525 fnisse
1941 1450 1989 1546 ⁴¹¹).

362 1571 412 1642 nt
446 1568 525 1641 sine
560 1567 667 1641 dubio
702 1566 835 1640 excidit
864 1566 933 1639 hoc
958 1566 1075 1662 ipsum
1101 1566 1378 1642 additamentum
1404 1568 1584 1659 usitatum,
1611 1591 1727 1664 neqve
1753 1592 1881 1644 nomen
1907 1570 1992 1644 alia·

363 1711 439 1762 rum
464 1688 642 1776 tibiarum,
671 1709 762 1784 qvae
781 1692 923 1782 praeter
941 1686 1030 1760 duas
1050 1686 1194 1760 dextras
1213 1686 1395 1761 adhibitae
1412 1694 1543 1762 esseut.
1585 1686 1879 1783 Supplemeutum
1897 1691 1991 1764 enim

362 1831 432 1883 non
460 1809 661 1882 continetur
685 1807 797 1881 ullum
823 1806 861 1880 in
888 1806 1022 1881 Donati
1047 1807 1172 1900 „tibiis
1199 1806 1325 1881 dextra
1342 1815 1377 1881 et
1395 1807 1486 1881 sinis
1547 1810 1581 1895 “3
1602 1831 1704 1903 qvae,
1724 1808 1869 1883 insolito
1886 1811 1991 1884 modo

361 1929 413 2002 ita
439 1928 651 2024 appellatae,
680 1927 824 2001 eaedem
851 1934 945 2018 sunt,
976 1950 1064 2023 qvas
1090 1934 1233 2001 veteres
1255 1924 1414 2027 impares
1434 1936 1738 2023 nuncupaverunt.
1778 1929 1991 2005 Eunuchum

360 2049 461 2123 tibiis
488 2048 625 2123 duabus
652 2047 788 2122 dextris
814 2054 924 2121 totam
950 2053 1066 2120 acam
1092 2046 1210 2142 putari
1236 2069 1350 2142 neqve
1377 2048 1516 2121 cantica
1542 2055 1664 2122 vetant
1689 2072 1804 2144 neqve
1832 2049 1991 2145 reliqvae

361 2176 482 2265 partes
509 2168 725 2257 comoediae,
752 2166 856 2240 modo
883 2167 921 2240 in
947 2166 1079 2240 fabulis
1106 2167 1252 2241 comicis
1277 2167 1351 2240 vim
1371 2167 1583 2241 contrariam
1602 2168 1668 2257 illi,
1691 2191 1781 2263 qvae
1801 2169 1838 2242 in
1857 2169 1991 2264 scripto

360 2289 495 2364 Donati
529 2289 574 2364 de
609 2286 793 2362 comoedia
824 2287 959 2361 dextris
991 2287 1092 2360 tibiis
1117 2287 1251 2361 tributa
1276 2293 1342 2377 est,
1370 2309 1490 2360 earum
1515 2287 1628 2360 fuisse
1650 2286 1862 2382 Judicemus.
1915 2289 1992 2363 Pri·
2117 2288 2126 2311 ⁸

360 2433 454 2485 mum
490 2409 668 2484 canticum
703 2414 740 2482 et
772 2414 935 2502 qvanum
962 2406 1113 2480 ridicula
1138 2412 1232 2496 sunt,
1260 2413 1297 2479 ct
1322 2429 1545 2503 qvamqvam,
1573 2429 1664 2502 qvae
1691 2407 1735 2481 de
1762 2405 1928 2482 Sarranis
1954 2409 1992 2482 in

362 2528 487 2605 Sticho
512 2528 633 2602 Plauti
659 2527 841 2622 usurpatis
868 2527 1032 2617 diximus,
1061 2550 1105 2600 ea
1129 2525 1235 2601 fidem
1261 2527 1381 2601 lacere
1407 2528 1573 2601 videntur
1597 2527 1722 2601 modos
1744 2528 1860 2603 bisin
1883 2530 1992 2603 canti·

361 2649 415 2722 cis
442 2648 579 2724 duobus
606 2647 713 2721 etiam
739 2646 785 2721 ad
812 2668 874 2719 eas
900 2645 1009 2719 tibias
1036 2644 1114 2719 fieri
1139 2646 1311 2741 potuisse,
1347 2654 1465 2721 tamen
1492 2648 1592 2721 nulla
1617 2647 1708 2721 ratio
1735 2656 1791 2722 est
1818 2648 1988 2739 dubitare,
2089 2747 2092 2753 Ι

361 2791 447 2842 num
480 2768 613 2842 laetum
647 2774 683 2842 ct
714 2766 823 2840 rebus
851 2766 1075 2860 Jooularibus
1100 2771 1222 2860 aptum
1249 2766 1451 2840 dextrarum
1478 2790 1626 2841 acumen
1651 2768 1690 2841 iu
1716 2768 1838 2843 eadem
1865 2790 1990 2842 couve-

361 2888 465 2962 ncrit.
519 2886 592 2978 Qvi
625 2909 711 2961 vcro
747 2885 959 2960 dubitationi
993 2885 1093 2960 locus
1120 2884 1189 2959 erit
1213 2886 1252 2959 in
1278 2887 1427 2961 canticis
1453 2887 1565 2962 altero
1593 2895 1629 2962 et
1654 2888 1781 2962 tertio?
1831 2885 1990 2980 Quorum

360 3007 455 3098 huic,
495 3049 538 3061 -
575 3006 671 3103 qvod
705 3007 931 3102 conjunctum
958 3013 1014 3079 est
1040 3028 1119 3078 cum
1146 3004 1305 3079 diverbio
1331 3006 1521 3097 modulato,
1551 3006 1644 3102 qvod
1671 3007 1864 3102 praecedit,
1890 3007 1990 3083 Anti·

361 3127 502 3222 phonis,
541 3169 586 3181 -
624 3149 711 3201 saue
745 3127 791 3200 ad
817 3126 954 3200 nullum
980 3124 1079 3199 aliud
1104 3125 1270 3199 tibiarum
1296 3148 1424 3221 genus,
1450 3125 1522 3199 nisi
1547 3126 1641 3220 qvod
1667 3126 1807 3201 levitati
1832 3135 1867 3202 et
1892 3128 1990 3202 lacti·

361 3246 433 3320 tiae
458 3246 612 3320 maxime
638 3246 793 3320 omnium
819 3246 1122 3320 accommodatum
1148 3253 1255 3336 esset,
1283 3246 1398 3320 modis
1425 3253 1538 3320 semet
1563 3245 1684 3342 dignis
1706 3247 1887 3323 exsultare
1908 3249 1990 3323 lice·

361 3367 433 3455 bat,
469 3366 559 3440 illud
592 3373 711 3440 autern
737 3365 872 3460 sagitta
897 3364 1041 3439 Amoris
1067 3387 1193 3439 recens
1219 3365 1397 3438 vulnerati
1422 3365 1681 3439 adolescentuli
1707 3390 1779 3440 non
1804 3368 1989 3464 graviores

361 3508 466 3560 curas
500 3493 563 3560 aut
591 3485 765 3581 justiores
799 3485 1073 3581 imprecationes
1098 3485 1274 3580 proponit,
1303 3509 1409 3581 qvam
1435 3486 1528 3580 qvod
1556 3486 1667 3560 semel
1691 3487 1808 3561 visam
1834 3486 1990 3583 puellam

361 3605 481 3680 statim
509 3628 529 3679 e
556 3614 751 3700 conspectu
776 3604 967 3679 amisisset.
1020 3604 1076 3679 Ao
1107 3605 1141 3677 si
1165 3611 1307 3678 actuum
1334 3605 1511 3700 principia
1537 3614 1572 3680 et
1598 3615 1736 3681 ceteras
1762 3613 1884 3701 partes
1910 3630 1990 3682 cou-

361 3725 583 3820 templamur,
610 3724 657 3798 ad
683 3724 794 3798 risum
820 3725 916 3798 lacta
941 3746 981 3798 sc
1007 3723 1127 3798 omnia
1152 3723 1357 3799 ostendunt:
1386 3747 1558 3820 uusqvam
1584 3725 1623 3799 in
1645 3725 1850 3801 discrimine
1871 3749 1990 3801 versa-

360 3852 419 3919 tur
444 3845 600 3919 humana
624 3844 795 3918 felicitas:
824 3845 868 3918 de
893 3844 1092 3918 meretricis
1119 3867 1237 3918 amore
1265 3845 1368 3918 donis
1393 3844 1487 3919 iuter
1506 3867 1545 3920 se
1564 3846 1782 3920 contendunt
1799 3845 1987 3936 Phaedria,

360 3965 399 4038 in
425 3987 495 4062 qvo
521 3986 620 4038 arnor
645 3986 835 4059 numqvam
861 3964 955 4037 serio
981 3963 1189 4059 repudiatus
1216 3987 1294 4039 curn
1320 3964 1417 4038 virili
1443 3965 1665 4039 contumacia
1686 3971 1808 4055 certat,
1830 3974 1867 4041 et
1885 3967 1989 4041 miles

360 4082 636 4180 ignavissimus:
664 4083 838 4157 clamores
865 4083 1037 4158 tolluntur
1062 4092 1208 4180 propter
1232 4084 1363 4159 falsum
1386 4084 1594 4174 eunuchum,
1617 4086 1681 4158 sed
1700 4086 1729 4159 ii
1746 4084 1818 4181 ipsi
1837 4086 1987 4161 ridendi.

361 4201 425 4280 Sic
451 4210 535 4278 sunt
561 4202 694 4293 omuia3
731 4226 821 4299 qvae
847 4202 992 4298 longius
1018 4225 1311 4299 persequeremur
1337 4204 1560 4300 singillatim,
1589 4205 1659 4279 nisi
1685 4227 1988 4300 supervacaneum

360 4324 398 4398 id
419 4324 502 4420 jure
529 4323 720 4397 videretur.
772 4324 829 4397 Nc
855 4323 977 4415 multa,
1006 4323 1189 4399 difficilius
1215 4333 1271 4399 est
1296 4331 1497 4420 perspectu,
1534 4324 1679 4400 ubinam
1705 4348 1748 4398 ea
1773 4325 1821 4399 sit
1848 4325 1988 4422 „gravi-

462 4565 493 4638 *)
520 4564 697 4626 Ritsehelius
726 4567 870 4640 (Parerp.
901 4582 930 4641 p.
961 4566 1021 4624 265
1049 4566 1130 4641 sqq.)
1153 4563 1275 4625 formam
1298 4564 1459 4625 accusativi
1483 4572 1583 4631 totam.
1606 4581 1693 4640 qvam
1715 4565 1805 4626 habet
1827 4563 1918 4625 Stichi
1941 4564 1987 4623 di·

362 4667 501 4733 dasealia,
523 4674 553 4728 et
576 4673 699 4745 propter
721 4686 808 4742 qvam
830 4668 870 4726 ibi
892 4667 956 4727 sine
979 4666 1068 4728 dubio
1091 4671 1169 4727 recte
1190 4667 1340 4743 supplevit
1353 4669 1521 4728 modulatio
1536 4675 1587 4734 est,
1604 4686 1704 4728 veram
1719 4686 1784 4729 esse
1798 4673 1885 4744 putat
1899 4666 1987 4728 etiam

360 4770 391 4830 iu
413 4769 547 4829 Terentii
568 4769 733 4829 fabularum
756 4768 858 4828 titulis.
903 4768 961 4829 Sed
983 4770 1140 4845 persuadet
1162 4769 1335 4829 Dziatukius
1358 4771 1403 4845 (p.
1428 4772 1487 4829 592
1511 4772 1593 4846 sqq.)
1616 4771 1645 4829 iu
1667 4771 1723 4837 his,
1746 4771 1775 4829 in
1799 4771 1906 4846 qvibus
1926 4787 1987 4830 mo·

361 4875 416 4934 dos
433 4873 511 4946 fecit
531 4872 619 4930 scribi
642 4889 757 4948 semper
779 4876 924 4948 oporteat,
948 4889 1054 4931 novam
1076 4873 1262 4935 sententiam.
1285 4872 1466 4936 brevissime.
1490 4879 1523 4933 ut
1544 4873 1578 4933 fit
1600 4873 1629 4932 iu
1650 4874 1827 4940 didascaliis.
1842 4873 1987 4949 prolatam

360 4981 390 5035 et
419 4976 498 5041 olim,
529 4978 562 5033 ut
589 4974 715 5045 videtur,
746 4975 775 5032 in
803 4992 881 5033 nova
908 4973 985 5033 linea
1011 4975 1159 5050 scriptam,
1184 4977 1272 5052 incipi
1295 4986 1363 5053 post
1385 4995 1490 5036 nomen
1514 4977 1587 5053 ejus,
1610 4978 1660 5052 qvi
1682 4977 1785 5037 modos
1807 4976 1931 5045 lecerat;
1954 4984 1987 5036 ut

360 5076 391 5137 in
419 5077 556 5137 Eunuchi
587 5077 682 5144 titulo,
712 5076 814 5136 addito
843 5077 987 5136 vocabulo
1014 5077 1094 5152 qvod
1121 5077 1214 5144 deest,
1237 5079 1392 5154 legendum
1415 5081 1468 5139 sit:
1499 5081 1606 5140 Medos
1624 5082 1699 5154 fecit
1719 5082 1847 5141 Flaccus
1871 5080 1984 5140 Claudi.

363 5179 452 5241 libita
474 5179 649 5254 (Bembinos
671 5179 788 5255 TIBIS)
812 5177 929 5239 drrubw
950 5181 1065 5240 dabis
1087 5188 1150 5240 toto
1171 5181 1203 5259 (i.
1228 5198 1254 5241 e.
1276 5187 1344 5241 acta
1366 5186 1436 5258 est).
