4740 6270
403 532 423 594 8
942 528 1165 596 Enuannus
1191 549 1213 595 s
1238 531 1411 597 Bausta

364 728 477 824 Atqvi
501 748 590 802 usus
617 734 673 802 est
698 727 816 803 Varro
842 727 999 822 imagine
1027 735 1063 802 et
1088 734 1173 823 apta
1199 735 1235 802 ct
1261 750 1358 801 vera.
1412 729 1456 802 In
1482 751 1553 825 qva
1575 737 1613 804 ut
1633 729 1792 824 inferior
1810 733 1998 830 utrobique

365 849 402 922 in
429 847 555 922 ultima
580 847 759 923 sententia
783 847 829 922 ad
856 847 1017 922 ordinem
1042 869 1171 937 rernm,
1199 870 1347 942 quarum
1374 850 1489 924 altera
1513 849 1662 924 alteram
1688 850 1858 947 excipiat,
1884 875 1999 950 neqve

367 970 410 1044 de
439 968 577 1044 duobus
604 968 656 1042 rei
682 968 838 1043 rusticae
865 969 1059 1064 generibus
1085 967 1131 1040 ad
1156 967 1225 1041 hoc
1251 968 1404 1065 quidem,
1433 970 1498 1044 sed
1524 970 1568 1044 de
1594 971 1694 1046 tibiis
1719 970 1846 1046 mirum
1872 972 1910 1046 in
1930 995 2000 1047 mo·

368 1090 450 1165 dum
486 1088 533 1163 ad
567 1088 664 1163 aliud
700 1089 880 1184 qviddam,
916 1088 962 1161 ad
997 1088 1147 1183 copiam,
1185 1088 1268 1178 vim,
1305 1089 1527 1184 dignitatem,
1565 1098 1714 1187 spectat,
1741 1092 1793 1166 ita
1816 1093 1854 1166 in
1881 1093 2001 1166 verbis

368 1235 391 1287 a
427 1208 582 1286 dextrae
611 1207 872 1304 foraminibm,
906 1209 945 1282 in
978 1208 1107 1304 quibus
1140 1207 1231 1281 nihil
1261 1208 1466 1282 mutandum
1492 1217 1559 1298 est,
1590 1251 1635 1264 —
1665 1211 1734 1285 etsi
1759 1212 1913 1300 fuerunt,
1941 1211 2002 1307 qvi

370 1355 413 1406 ea
438 1330 568 1421 omnia,
596 1329 665 1404 sibi
692 1353 764 1402 non
790 1329 982 1418 intellecta,
1010 1335 1189 1423 tamqvam
1216 1328 1341 1424 spuria
1359 1329 1587 1403 exterminari
1604 1329 1793 1422 voluerint,
1814 1374 1864 1389 -
1883 1353 1907 1406 u
1924 1353 2004 1427 par·

368 1451 479 1526 ticula
513 1449 690 1546 designat,
725 1456 807 1545 post
837 1472 943 1544 qvam
969 1471 1044 1522 rem
1071 1447 1129 1521 vel
1156 1449 1259 1544 cujus
1285 1449 1338 1522 rei
1363 1457 1532 1546 respectu
1557 1452 1737 1546 posterius
1763 1475 1822 1526 res
1848 1451 1921 1526 alia
1946 1473 2004 1524 vc·

369 1572 502 1666 niat*).
556 1569 656 1644 Dicit
687 1568 804 1644 Varro
830 1592 905 1643 rem
931 1568 1135 1664 pecuariam
1162 1575 1198 1642 et
1224 1569 1491 1665 agriculturam,
1520 1571 1683 1665 qvamvis
1710 1571 1917 1661 dissimiles,
1945 1593 2004 1667 op

368 1695 452 1768 time
479 1693 572 1765 inter
599 1712 638 1763 se
665 1689 865 1780 concinere,
892 1696 928 1762 et
954 1688 1049 1762 hunc
1076 1711 1197 1762 eanum
1224 1698 1434 1763 concentum
1460 1689 1514 1764 sic
1541 1712 1634 1781 esse,
1665 1699 1705 1766 ut
1730 1691 1897 1767 tibiarum
1924 1691 2005 1767 dex·

369 1824 445 1887 trae
482 1820 517 1885 et
552 1810 731 1899 sinistrae,
760 1831 907 1903 qvarnm
933 1810 981 1883 sit
1006 1809 1044 1883 in
1070 1808 1136 1883 illa
1161 1809 1453 1884 dissimilitudine
1480 1811 1632 1907 egregia
1656 1812 1859 1886 concordia:
1888 1813 2007 1886 incen-

370 1935 480 2007 tivam
506 1932 706 2029 pastionem
733 1929 858 2018 videri,
886 1930 1019 2025 qvippe
1046 1952 1137 2025 qvae
1164 1936 1281 2004 aetate
1301 1931 1410 2004 fuerit
1429 1932 1602 2028 superior,
1624 1931 1843 2028 alteramque
1863 1954 2006 2006 succen-

371 2055 492 2143 tivam,
524 2051 817 2148 quemadmodum
850 2049 889 2123 in
915 2050 1015 2124 tibiis
1040 2050 1140 2146 prior
1165 2049 1332 2124 audiatur
1357 2050 1483 2124 dextra
1508 2050 1611 2146 eique
1637 2051 1742 2125 laeva
1768 2052 1940 2139 succinat,
1968 2059 2007 2124 ut

373 2197 463 2271 qvae
491 2173 539 2246 sit
566 2171 723 2266 insanior
749 2193 773 2245 a
800 2167 955 2245 dextrae
976 2169 1237 2265 foraminibus,
1262 2171 1299 2244 b.
1326 2194 1357 2245 e.
1386 2192 1486 2246 suam
1513 2193 1636 2246 vocem
1659 2170 1840 2246 effundere
1858 2170 2008 2266 incipiat

372 2424 504 2510 gantur
529 2419 636 2507 atqve
663 2410 843 2506 operculis
870 2411 1005 2507 apertis
1031 2419 1273 2507 penetrentur.
1325 2410 1409 2486 Jam
1436 2434 1522 2487 vero
1547 2411 1636 2488 haec
1662 2412 1749 2509 qvid
1775 2412 1858 2500 sint,
1893 2411 2008 2485 decla·

373 2544 428 2608 rat
454 2533 556 2608 locus
582 2531 756 2605 Macrobii
783 2533 985 2627 (comment.
1013 2532 1051 2604 in
1077 2554 1190 2605 somn.
1220 2529 1402 2626 Scipionis
1427 2531 1478 2606 II.
1506 2536 1557 2628 4),
1589 2532 1634 2606 de
1660 2531 1759 2606 tibiis
1786 2531 1841 2605 sic
1865 2531 2008 2627 loqveu·

374 2657 436 2730 tis:
482 2650 539 2729 be
574 2675 721 2751 quarum
752 2650 1000 2746 foraminibus
1034 2650 1164 2727 uicinis
1190 2650 1248 2726 ori
1274 2649 1436 2753 insiautr's
1461 2675 1573 2728 sonas
1599 2656 1726 2727 acatius
1753 2650 1937 2743 emittitur,
1963 2647 2010 2724 de

375 2772 579 2873 loupinpris
605 2779 724 2849 autem
751 2776 790 2846 et
812 2746 967 2848 terminb
985 2771 1169 2872 proximis
1192 2773 1427 2871 araoior”);
1462 2796 1542 2847 cum
1568 2773 1698 2868 qvibus
1724 2773 1845 2847 verbis
1872 2794 2010 2868 compo·

375 2895 493 2970 nenda
519 2901 602 2969 sunt
628 2894 716 2969 baec
743 2891 935 2969 Censorini
961 2893 1021 2990 (de
1048 2893 1106 2967 die
1132 2893 1243 2966 natali
1270 2916 1301 2966 c.
1331 2893 1384 2987 9);
1417 2889 1546 2968 Tibiae
1572 2892 1791 2968 incremento
1818 2888 2011 2990 torpitudi·

376 3016 434 3091 nis
466 3014 561 3112 fiant
590 3013 792 3112 proniores.
845 3013 937 3088 Rem
970 3014 1129 3088 illustrat
1162 3013 1303 3109 pictura
1335 3013 1585 3109 antiquam),
1622 3014 1660 3087 in
1695 3035 1766 3108 qva
1800 3014 1933 3088 tibicen
1964 3011 2011 3085 ad

375 3159 474 3209 aram
509 3135 673 3230 geminas
708 3133 816 3208 tibias
850 3132 962 3223 inflat,
1000 3133 1044 3209 de
1078 3134 1208 3228 qvibns
1235 3133 1361 3207 dextra
1387 3135 1540 3224 brevior,
1570 3134 1717 3208 sinistra
1742 3134 1918 3230 perlonga
1943 3143 2009 3221 est,

377 3257 484 3352 hujus
519 3263 637 3328 antem
672 3254 848 3327 foramina
882 3254 1038 3351 obliqva,
1064 3254 1346 3349 prominentibus
1373 3254 1552 3351 operculis
1578 3255 1655 3329 sive
1682 3254 1829 3351 paxillis
1856 3254 2010 3351 signata,

378 3402 400 3451 a
435 3377 551 3452 media
584 3376 660 3449 fere
696 3384 796 3471 parte
831 3374 940 3449 tibiae
972 3375 1136 3450 deorsum
1163 3374 1338 3448 collocata
1364 3383 1457 3464 sunt,
1487 3374 1571 3449 dum
1597 3374 1697 3449 nulla
1723 3383 1897 3472 apparent
1922 3375 2013 3449 sora·

378 3499 475 3573 mina
510 3498 667 3586 dextrae,
705 3519 776 3592 qva
810 3495 899 3587 sola,
934 3496 1003 3570 etsi
1028 3496 1154 3570 ambae
1180 3516 1241 3568 ore
1266 3503 1442 3586 tenentur,
1468 3519 1547 3571 cum
1574 3496 1727 3570 maxime
1754 3497 1835 3570 cani
1861 3495 2011 3584 videtur,

379 3617 576 3715 praeclusis
611 3615 847 3690 foraminibus
881 3616 1063 3690 sinistrae:
1102 3639 1171 3712 qvo
1206 3615 1244 3688 in
1277 3617 1440 3712 exemplo
1465 3615 1547 3690 ideo
1573 3616 1700 3691 dextra
1726 3623 1761 3690 et
1787 3613 2013 3704 incentivam,

379 3747 501 3833 utpote
538 3759 628 3832 qvae
664 3736 857 3809 etiamnum
891 3736 970 3810 sola
1004 3758 1113 3812 sonos
1149 3736 1254 3809 edere
1288 3734 1461 3825 videatur,
1499 3744 1535 3810 et
1570 3742 1726 3828 acutam,
1760 3736 1892 3831 quippe
1924 3757 2014 3829 qvae

379 3858 502 3947 multo,
539 3879 644 3951 qram
675 3855 833 3946 sinistra,
862 3855 1004 3930 brevior
1030 3857 1088 3946 sit,
1117 3855 1231 3929 oculis
1259 3878 1298 3929 se
1325 3857 1482 3952 praebet.
1537 3855 1649 3952 Ergo,
1677 3855 1735 3930 his
1761 3854 1940 3951 adjunctis
1967 3862 2014 3928 te·

382 3998 388 4004 .
416 3996 608 4004 ---——--.
622 3994 785 4002 „⁶-

483 4065 514 4140 *)
543 4064 587 4123 Dc
614 4063 669 4123 boo
692 4080 747 4122 usu
770 4062 999 4138 praepositionis
1023 4063 1119 4133 (velut
1141 4061 1201 4123 (tic.
1225 4062 1319 4123 Aead.
1343 4063 1365 4121 1.
1392 4066 1440 4122 12.
1464 4066 1520 4123 46:
1558 4064 1730 4124 Carmendas
1752 4071 1874 4138 quartus
1896 4061 1934 4123 ab
1958 4066 2016 4123 Ar·

382 4170 473 4229 casita
498 4169 567 4241 suit.
598 4171 628 4225 ot
657 4166 732 4224 Plin.
763 4165 800 4223 N.
832 4166 870 4223 Η.
893 4164 1000 4224 XVIII.
1027 4170 1075 4226 13.
1099 4169 1149 4235 34,
1173 4165 1292 4240 dequo
1316 4165 1716 4241 locopauloantedictum
1740 4166 1882 4241 est)vid.
1907 4164 2017 4224 Handii

381 4270 509 4331 Tursell.
532 4270 554 4328 l.
579 4287 608 4345 p.
633 4272 672 4328 43
694 4286 740 4343 sq.
763 4267 818 4327 sub
841 4267 892 4326 111.
916 4300 953 4313 —
977 4269 1044 4329 Non
1067 4268 1206 4334 absurde.
1229 4267 1316 4327 immo
1339 4274 1418 4328 recte
1439 4267 1538 4333 faciat,
1561 4270 1586 4327 si
1609 4268 1676 4343 qvis
1695 4268 1856 4328 Varronem
1877 4269 1906 4326 in
1923 4285 2017 4344 paen·

383 4375 483 4434 ultima
504 4372 708 4432 enuntiatione
730 4371 771 4430 ita
795 4370 1018 4446 interpretetur:
1043 4370 1082 4431 ub
1104 4372 1150 4432 bis
1173 4371 1383 4447 (temporibus)
1405 4372 1552 4445 inferiore
1571 4373 1674 4446 produ
1695 4375 1810 4432 aetatis.

485 4475 535 4543 ”t
564 4477 724 4534 Auctorem
748 4475 845 4533 citans
867 4472 1065 4549 Porphyrium
1089 4473 1127 4532 ad
1149 4474 1308 4533 Ptolemaei
1331 4474 1510 4534 Harmonice
1532 4475 1554 4533 l.
1577 4491 1606 4550 p.
1631 4478 1703 4541 217,
1727 4492 1785 4550 qvo
1808 4475 2017 4535 commentario

384 4581 425 4639 uti
456 4577 524 4638 mibi
554 4596 612 4637 uon
642 4577 776 4654 contigit,
800 4576 972 4652 Fortlogius
993 4575 1114 4636 dicitis
1136 4576 1375 4654 Eucyclopaedia
1397 4577 1551 4652 Panlyana
1572 4577 1620 4635 Vl.
1646 4595 1675 4653 p.
1700 4580 1775 4637 608:
1805 4578 1869 4638 bas
1894 4577 2016 4652 Oeffnen

383 4685 438 4742 der
461 4680 570 4741 oberen
592 4682 656 4740 und
677 4681 843 4740 Sabb'essen
866 4681 920 4739 der
942 4687 1066 4740 untererr
1090 4679 1204 4740 lbaber
1224 4679 1286 4754 aab
1309 4682 1357 4740 die
1377 4677 1483 4748 baben,
1505 4682 1562 4741 das
1577 4681 1766 4754 itmaetrebrte
1788 4681 1954 4754 Versabreu
1970 4681 2019 4741 die

382 4785 473 4858 desen
498 4784 585 4843 Tdne.

486 4886 554 4962 aaa)
580 4886 652 4946 vide
675 4886 806 4945 tabulam
832 4889 870 4946 10
893 4886 979 4945 seriei
1002 4890 1021 4944 4
1045 4886 1225 4961 picturarum
1248 4887 1278 4945 in
1301 4905 1399 4964 opere,
1417 4887 1496 4962 qvod
1512 4887 1696 4946 inscribitur:
1719 4887 1942 4954 „Herculanus
1957 4889 2021 4947 und

383 4990 526 5073 Pompeji.
579 4991 780 5064 b'oltstdudipa
802 4989 975 5064 Sammluna
997 4991 1053 5049 der
1074 4989 1205 5049 docebat
1224 4991 1399 5051 enudeatrten
1421 4991 1596 5058 Mulereien,
1617 4990 1775 5050 Mosoitren
1789 4992 1854 5050 und
1867 4991 2017 5051 Bronten.

387 5094 548 5154 Gesroeben
578 5110 634 5172 aon
664 5093 701 5152 H.
732 5093 823 5152 Roux
850 5088 928 5152 aine'.
974 5093 1029 5152 Mit
1056 5093 1263 5153 erbtbrendem
1287 5094 1362 5153 Text
1383 5109 1439 5153 uon
1464 5094 1494 5153 L.
1519 5095 1628 5153 Burri.
1673 5093 1803 5153 Deutscb
1826 5092 2019 5153 barbadam

388 5230 422 5239 -
449 5197 492 5255 Do
516 5195 562 5255 bis
585 5196 666 5256 tibiis
689 5195 785 5271 deque
807 5194 954 5272 operculis
976 5193 1152 5254 foraminum
1175 5195 1312 5254 tibiarum
1335 5196 1523 5272 antiquarum
1546 5197 1631 5271 plura
1653 5204 1722 5272 post
1744 5194 1887 5255 dicentur.
