4740 6270
957 536 1162 615 Quaestiams
1188 537 1404 603 Terentianae.
1938 541 1957 604 5

364 738 498 813 tatione
534 738 613 833 ejus
647 745 771 814 nostra
805 743 884 812 orta
917 759 999 812 esse
1034 737 1182 827 dicatur,
1217 737 1293 810 fore
1325 735 1477 810 fidenter
1508 756 1704 833 speramus,
1732 759 1775 812 ac
1800 737 1869 812 fuit
1894 739 1999 813 nobis

364 857 585 957 propositam
611 881 683 933 non
708 858 827 933 minus
853 857 898 932 de
923 857 1023 933 tibiis
1048 856 1278 932 Terentianis
1305 879 1410 953 qvam
1437 856 1481 930 de
1508 857 1658 931 canticis
1680 857 1865 952 judicium.
1918 859 1999 933 Dis-

363 978 513 1077 qrisitio
547 978 626 1074 ejus
660 979 775 1074 partis
809 977 1085 1052 didascaliarnm
1118 977 1293 1067 Terentii,
1325 1000 1418 1073 qvae
1445 986 1502 1051 est
1527 977 1571 1051 de
1599 977 1713 1051 modis
1740 979 1898 1069 musicis,
1926 1003 1998 1053 non

365 1098 535 1196 expedita
559 1099 604 1173 ab
629 1098 677 1172 iis
703 1106 770 1187 est,
798 1098 860 1192 qvi
885 1098 1088 1193 complures
1113 1120 1229 1193 nuper
1255 1097 1299 1173 de
1326 1097 1383 1171 his
1406 1097 1614 1171 didascaliis
1637 1097 1895 1188 disseruerunt3
1918 1122 2000 1195 qvo-

358 1240 445 1294 *rum
476 1218 606 1293 studiis
637 1218 731 1292 sicut
757 1239 879 1292 earum
904 1218 1016 1291 verba
1040 1217 1088 1291 ad
1113 1217 1274 1292 codicum
1301 1217 1515 1313 scriptorum
1542 1218 1788 1292 auctoritatem
1814 1219 1921 1292 etad
1947 1243 2001 1292 ar·

367 1340 415 1415 tis
449 1338 594 1414 criticae
628 1344 822 1434 praecepta
855 1345 1023 1412 revocata
1055 1345 1162 1434 atqve
1198 1360 1220 1412 e
1252 1338 1365 1412 rebus
1395 1338 1514 1412 dubiis
1546 1347 1583 1412 et
1613 1339 1776 1413 obscuris
1802 1340 1998 1434 permultae

367 1459 575 1534 enucleatae
608 1459 752 1552 sunt*),
789 1458 842 1532 sic
873 1459 920 1532 ad
950 1458 1043 1532 hanc
1068 1481 1144 1532 rem
1170 1457 1430 1553 explanandam
1456 1457 1511 1531 illi
1538 1458 1600 1531 vix
1627 1458 1818 1555 qvidqvam
1845 1459 2000 1532 contule·

368 1586 460 1669 rant,
487 1579 573 1674 qvia
597 1601 712 1674 neqve
738 1578 943 1674 generalem
970 1579 1214 1675 quaestionem
1242 1578 1286 1653 de
1311 1578 1411 1652 tibiis
1434 1579 1589 1652 scenicis
1612 1578 1806 1668 solverunt,
1826 1588 1889 1653 aut
1906 1587 2001 1653 recte

367 1701 403 1772 iu
431 1721 474 1773 ea
499 1721 538 1773 re
559 1699 778 1795 judicarunt,
807 1707 843 1772 et
868 1699 906 1771 in
933 1698 1106 1773 Terentio
1132 1721 1177 1772 nc
1203 1698 1457 1795 quaesiverunt
1482 1699 1635 1795 quidem,
1665 1699 1840 1795 quomodo
1862 1700 2002 1773 cantica

367 1818 483 1892 modis
508 1818 676 1893 tibiarum
702 1817 974 1914 respondissent
987 1818 1056 1914 ss).

469 1937 554 2014 Jam
585 1939 737 2035 primum
766 1939 924 2013 omnium
950 1938 1128 2035 dispicere
1155 1960 1333 2028 conemur,
1362 1939 1448 2036 qvid
1474 1962 1538 2036 pro
1567 1963 1651 2014 vero
1678 1939 1888 2030 ducendum,
1917 1939 2002 2035 qvid

367 2080 473 2133 secus
508 2059 784 2133 existimandum
817 2059 856 2133 in
886 2059 933 2133 iis
960 2059 1019 2148 sit,
1047 2081 1138 2156 qvae
1165 2057 1235 2131 viri
1261 2057 1357 2132 docti
1383 2059 1428 2133 de
1454 2059 1621 2134 tibiarum
1648 2069 1764 2150 cantu,
1793 2082 1863 2157 qvo
1890 2059 2003 2134 tibici-

367 2202 433 2253 nes
467 2179 607 2275 antiqvi
640 2180 841 2254 fabularum
876 2180 1097 2254 scenicarum
1128 2185 1250 2274 partes
1276 2179 1458 2275 prosecuti
1484 2188 1581 2270 sunt,
1611 2188 1822 2254 statuerunt.
1875 2178 2003 2255 Omnis

367 2299 476 2394 huJ'us
503 2299 775 2395 disceptationis
801 2299 1070 2375 fundamentum
1092 2298 1228 2394 jecisse
1254 2298 1327 2372 dici
1351 2308 1471 2394 potest
1498 2298 1698 2375 Salmasius
1711 2301 1800 2397 aaa),
1822 2300 1939 2396 qvoad
1959 2300 2003 2373 de

367 2421 467 2497 tibiis
493 2421 659 2515 geminis,
686 2421 733 2494 ab
759 2442 831 2494 nna
857 2420 1052 2516 eademque
1077 2419 1218 2514 lingula
1244 2426 1305 2493 aut
1329 2442 1353 2492 a
1379 2442 1446 2494 sua
1467 2443 1606 2516 quaque
1625 2421 1891 2516 incipientibus,
1915 2443 2003 2517 qvas

368 2540 475 2615 simul
501 2562 594 2615 anus
621 2541 753 2615 tibicen
779 2539 938 2631 inflabat,
966 2549 1063 2614 recte
1089 2539 1181 2613 vidit
1207 2538 1367 2638 impares
1392 2538 1504 2616 tibias
1529 2548 1604 2615 tum
1630 2551 1776 2615 vocatas
1803 2563 1895 2631 esse,
1924 2563 2003 2614 cum

370 2657 501 2735 dextra
527 2668 564 2734 et
588 2660 741 2735 sinistra
765 2661 860 2734 inter
885 2684 927 2735 se
952 2660 1147 2750 differrent,
1175 2667 1280 2734 acuta
1305 2661 1429 2752 altera,
1454 2661 1569 2736 altera
1586 2663 1722 2757 gravis,
1738 2683 1854 2760 pares
1873 2669 2002 2749 autem,

344 2802 448 2860 ‚cum
484 2780 645 2876 ejusdem
681 2788 803 2855 essent
837 2780 994 2876 generis,
1030 2787 1092 2854 aut
1125 2781 1251 2855 ambae
1283 2781 1440 2873 dextrae,
1470 2782 1763 2878 quemadmodum
1789 2780 2003 2855 Eunuchum

368 2901 532 2974 Terentii
566 2899 668 2977 tibiis
699 2898 842 2977 duabus
871 2898 1014 2976 deabis
1039 2908 1155 2975 actam
1182 2923 1267 2976 esse
1292 2901 1490 2977 didascalia
1516 2902 1624 2998 hujus
1651 2901 1855 2976 comoediae
1881 2902 2002 2990 refert,

367 3028 428 3094 ant
453 3029 603 3117 utraqve
630 3020 789 3095 sinistra.
841 3019 944 3095 Haec
969 3021 1063 3095 inter
1088 3043 1212 3095 omnes
1238 3022 1313 3096 fere
1340 3029 1468 3118 postea
1493 3029 1747 3111 convenerunt,
1775 3021 1839 3095 sed
1866 3021 2004 3095 exstitit

368 3141 548 3216 dissensio
583 3142 628 3216 de
662 3141 731 3217 hoc
765 3141 941 3238 inprimis,
969 3141 1062 3216 ande
1089 3142 1200 3215 multa
1225 3142 1392 3238 pendent,
1420 3152 1536 3217 utrum
1564 3165 1607 3217 ca
1632 3143 1731 3232 tibia,
1761 3165 1852 3238 qvae
1879 3141 2005 3215 dextra

367 3261 580 3358 appellatur,
617 3286 663 3336 an
698 3285 790 3359 qvae
824 3262 982 3354 sinistra,
1018 3262 1178 3357 graviter
1211 3270 1274 3337 aut
1299 3270 1424 3337 contra
1449 3272 1552 3337 acute
1579 3262 1747 3337 sonuerit.
1804 3260 2003 3337 Salmasius

368 3405 440 3457 non
474 3383 651 3458 dubitavit
684 3383 791 3457 fidem
826 3383 1024 3479 adjungere
1056 3382 1142 3473 illis,
1178 3405 1275 3479 qvae
1305 3392 1388 3458 sant
1413 3385 1451 3458 in
1477 3385 1691 3479 fragmento,
1720 3391 1759 3458 ut
1784 3383 2002 3471 inscribitur,

271 3510 272 3514 '
369 3503 504 3578 Donati
529 3504 574 3578 de
600 3504 798 3579 comoedia:
826 3500 1040 3602 Agebantur
1065 3507 1184 3579 uatem
1209 3504 1382 3602 (fabulae)
1409 3503 1510 3580 tibiis
1527 3502 1688 3604 paribus
1714 3508 1781 3579 aut
1804 3500 2004 3602 imparibus

473 3795 506 3872 ³)
535 3795 693 3856 Librorum
722 3814 913 3873 permagnam
943 3798 1057 3873 copiam
1084 3796 1209 3857 contulit
1231 3801 1262 3856 et
1283 3795 1313 3856 in
1336 3815 1367 3856 rc
1389 3796 1493 3856 critica
1515 3798 1674 3873 praecipue
1696 3803 1832 3857 versatus
1855 3802 1902 3855 est
1923 3794 2003 3871 ch-

369 3903 472 3974 pertus
494 3897 634 3971 („Ueber
657 3900 707 3959 die
729 3900 990 3961 Terentiaaircbea
1012 3901 1237 3970 Didareatien“,
1261 3900 1291 3958 in
1313 3899 1435 3960 Archivi
1457 3900 1599 3977 philolog.
1622 3908 1652 3961 et
1667 3901 1833 3977 paedagog.
1866 3900 2004 3976 Lipsien-

368 4002 409 4060 sis
431 4007 502 4062 tom.
524 4001 621 4060 XVIII
643 4021 672 4079 p.
697 4004 891 4077 550—582).
938 4004 986 4064 De
1004 4004 1179 4064 didascalis
1203 4003 1389 4063 Terentianis
1409 4003 1649 4064 dissertationem
1672 4004 1751 4064 haud
1768 4005 1842 4064 levis
1857 4003 1896 4062 ad
1913 4020 2005 4077 qvae-

367 4102 479 4164 stiones
501 4104 618 4181 longius
640 4104 847 4181 provehendas
870 4107 1007 4166 momenti
1031 4105 1123 4165 edidit
1145 4104 1306 4165 Vilhelmus
1328 4103 1493 4165 Wilmanns
1515 4102 1646 4166 Beroliui
1669 4124 1697 4165 a.
1724 4109 1814 4177 1864,
1832 4106 1919 4166 aliam
1934 4123 2004 4181 per-

368 4207 460 4267 multo
483 4206 604 4267 minoris
625 4207 801 4275 habendam,
825 4226 900 4283 qvae
922 4209 1066 4284 Inscripta
1084 4213 1130 4268 est
1145 4207 1342 4268 didascaliae
1359 4208 1559 4269 Terentianae
1574 4210 1754 4285 explicatae,
1770 4208 1910 4268 alfredus
1926 4207 2004 4267 Kohl

368 4309 452 4369 Halis
480 4308 587 4369 Saron.
617 4328 644 4368 a.
672 4312 762 4370 1865.
808 4309 1070 4379 CommentatIone,
1095 4329 1183 4386 qvam
1206 4311 1326 4387 scripsit
1348 4310 1471 4371 Carolus
1494 4312 1637 4372 Dalatzlro
1659 4312 1801 4388 („Ueber
1823 4313 1872 4372 die
1895 4312 2004 4371 Teren·

370 4413 536 4473 &abaciaco
565 4413 793 4482 Didaskolien“,
824 4413 852 4471 in
879 4414 980 4473 Museo
1008 4413 1148 4491 philolog.
1172 4414 1315 4473 Rhenano
1337 4414 1407 4472 anui
1434 4417 1524 4481 1865,
1548 4433 1578 4491 p.
1603 4417 1781 4482 sto-sos,
1805 4422 1836 4475 et
1857 4433 1885 4473 a.
1911 4416 2002 4485 1866,

369 4533 399 4591 p.
425 4518 574 4590 64—92),
598 4515 722 4575 maxime
744 4520 861 4576 ceterae
884 4516 1073 4591 qraestIoncs
1095 4515 1294 4593 profecerunt,
1318 4516 1391 4575 haec
1413 4523 1511 4576 autem
1535 4517 1571 4577 de
1594 4517 1674 4577 tibiis
1697 4535 1756 4578 non
1778 4517 1858 4576 itam.

472 4652 521 4726 **)
551 4654 635 4714 Unus
663 4655 692 4713 iu
720 4653 776 4714 hoc
798 4654 989 4730 excipiendus
1010 4661 1057 4714 est
1078 4654 1300 4724 Wilmannsius‚
1324 4659 1480 4730 quatenus,
1505 4655 1581 4715 iuter
1602 4655 1781 4716 didascalica
1803 4662 1833 4715 et
1854 4655 2005 4715 Donatum

369 4753 406 4813 de
428 4755 509 4815 tibiis
530 4756 667 4816 Eunuchi
689 4761 720 4816 et
741 4757 944 4833 Adelphorum
966 4776 1002 4817 ac
1023 4757 1209 4818 Phormionis
1229 4758 1359 4818 breviter
1381 4758 1561 4834 disceptans,
1584 4764 1792 4819 commemorat
1814 4776 1846 4819 se
1869 4764 2004 4817 naturam

368 4864 520 4933 spectasse
542 4859 733 4930 canticorum,
757 4859 794 4919 de
817 4860 924 4934 quibus
946 4867 1096 4920 auctorem
1119 4860 1191 4920 citat
1212 4860 1372 4921 Wolllium.

472 4994 540 5071 aaa)
567 4995 602 5055 In
623 4996 888 5056 Emendatr'om‘bas
911 5008 938 5058 et
959 4999 1038 5057 notit
1058 4999 1091 5057 in
1112 4998 1256 5058 latonae
1277 5000 1430 5072 Augustae
1451 4999 1622 5074 captores,
1651 5016 1681 5073 p.
1705 5000 1873 5057 494-496
1897 4996 2005 5057 editio-

368 5099 415 5158 nis
437 5098 612 5159 Parisiensis
634 5100 705 5158 anni
730 5102 821 5160 1620.
867 5101 978 5160 Iterum
1000 5101 1117 5161 easdem
1141 5118 1188 5162 res
1211 5103 1311 5178 attigit
1330 5102 1361 5161 in
1381 5104 1528 5163 Plinianis
1543 5101 1816 5172 exercitationibus,
1832 5120 1863 5178 p.
1883 5104 1941 5161 119
1958 5119 2004 5177 sq.

369 5201 415 5260 cd.
439 5202 532 5262 Paris.
555 5222 583 5262 a.
610 5205 700 5262 1629.
