4726 6270
463 516 505 581 60
1000 513 1221 582 Enusnnus
1246 532 1269 581 a
1294 513 1470 582 Bausta·

418 713 478 788 hie
502 713 679 809 reoeuur
704 711 827 787 addita
853 712 1054 809 explicatio,
1082 735 1202 808 qvae,
1230 712 1326 810 qvos
1350 713 1495 787 fastrat
1515 711 1721 787 attribuitur
1739 734 1855 809 genus
1872 712 2053 802 uoitmm,
2087 670 2104 687 ’”
2130 680 2139 689 ’“
2184 692 2197 707 ”

417 834 464 907 ad
490 855 569 907 eam
594 831 896 909 accommodatius
921 831 1123 908 habendum
1150 833 1199 908 sit
1225 857 1330 931 qvam
1356 833 1470 922 aliud;
1499 839 1657 924 atvero,
1686 833 1718 908 si
1741 833 1800 908 cui
1820 842 1939 908 tamen
1957 833 2054 909 idem

418 961 597 1028 corrector
624 951 788 1026 videatur
813 975 885 1026 nou
910 952 1029 1027 minus
1054 954 1162 1029 facile
1187 954 1256 1029 hoc
1281 955 1361 1029 loco
1387 954 1479 1028 alias
1505 953 1614 1027 tibias
1640 952 1857 1028 substituere
1878 953 2053 1049 potuisse,

417 1073 497 1170 ipse
522 1072 730 1169 imparibus,
762 1095 852 1169 qvas
878 1072 961 1146 libri
988 1071 1208 1170 Calliopiani
1234 1074 1427 1166 nominant,
1461 1073 1591 1148 silente
1618 1072 1662 1148 de
1689 1073 1799 1164 tibiis,
1827 1080 1867 1148 ut
1892 1081 1975 1148 ante
2001 1096 2055 1148 re

417 1195 528 1269 latum
565 1200 631 1283 est,
668 1193 853 1283 Bembino,
891 1191 1068 1268 Sarranus
1093 1196 1312 1290 praeferens,
1339 1193 1429 1268 haec
1456 1193 1577 1289 opinio
1604 1216 1647 1267 eo
1673 1194 1860 1283 refellitur,
1888 1193 1983 1289 qvod
2009 1217 2055 1268 ex

418 1315 498 1410 eins
525 1313 736 1389 correctoris
763 1314 942 1388 sententia
968 1312 1145 1389 Sarranae
1165 1314 1364 1408 „acuminis
1381 1314 1529 1389 levitate
1541 1314 1664 1409 jocum
1682 1313 1720 1388 in
1738 1314 1920 1388 comoedia
1938 1321 2055 1388 osten·

419 1434 586 1525 debant“,
615 1457 747 1530 easqve
772 1433 867 1508 hanc
893 1436 939 1509 ob
965 1457 1111 1509 causam
1136 1435 1199 1509 ille
1225 1457 1297 1509 non
1318 1441 1423 1530 aptas
1443 1433 1687 1531 Adelphorum
1706 1435 1857 1509 canticis
1876 1434 2055 1510 existima·

419 1555 482 1646 vit,
520 1577 563 1629 ea
597 1577 683 1628 vero
718 1555 869 1646 canhca,
903 1578 994 1651 qvae
1024 1555 1062 1629 in
1087 1555 1303 1630 Phormione
1329 1562 1413 1629 sunt
1439 1553 1555 1630 Getae
1582 1563 1618 1629 et
1643 1554 1881 1651 Demiphonis
1906 1555 1945 1629 in
1970 1562 2055 1630 actu

420 1675 578 1750 secundo
613 1682 649 1749 et
684 1673 868 1750 Sostratae
902 1676 940 1749 in
974 1683 1111 1772 qvarto,
1145 1699 1191 1750 ne
1217 1674 1302 1771 qvid
1328 1697 1423 1749 nunc
1449 1673 1493 1749 de
1521 1674 1651 1750 ceteris
1676 1693 1893 1765 moneamus,
1922 1674 2054 1749 aludo

420 1801 456 1870 et
477 1795 561 1889 joco
587 1801 660 1868 mm
686 1795 795 1891 longe
821 1796 960 1884 abesse,
989 1818 1094 1892 qvam
1120 1797 1283 1870 timorem
1310 1802 1345 1869 et
1372 1796 1462 1869 iram
1489 1802 1525 1869 et
1550 1817 1757 1886 maerorem,
1784 1796 1819 1869 si
1837 1794 1974 1890 aliqvid
1992 1794 2055 1868 ha·

419 1915 496 1990 buit
526 1915 666 2010 Judicii,
701 1914 832 1990 viderit
861 1938 1010 1991 neeesse
1037 1923 1103 1990 est.
1159 1913 1244 1991 Sive
1270 1915 1383 2012 igitur
1407 1915 1453 2004 is,
1481 1915 1552 1990 etsi
1577 1916 1610 1990 ei
1637 1914 1815 1991 Sarranae
1841 1916 1879 1989 in
1904 1914 1973 1989 hac
1999 1936 2055 1989 co

420 2035 560 2110 moedia
585 2059 654 2109 non
681 2035 810 2126 minus,
839 2058 943 2131 qvam
970 2035 1008 2108 in
1034 2035 1158 2124 altera,
1187 2034 1379 2131 displicere
1406 2034 1612 2125 debuerunt,
1640 2041 1759 2109 tamen
1777 2034 1869 2109 nihil
1888 2034 2055 2110 hocloco

421 2155 571 2229 mutavit
604 2163 639 2230 et
664 2156 703 2229 in
730 2177 772 2230 eo
799 2155 870 2231 sibi
896 2179 968 2230 non
995 2155 1165 2246 constitit,
1194 2155 1271 2229 sive
1299 2155 1555 2229 correctionem
1580 2156 1626 2229 ab
1654 2155 1778 2229 eodem
1803 2155 1934 2228 factam
1962 2153 2056 2229 dele·

421 2275 474 2348 vit
508 2275 586 2349 dies
621 2275 769 2372 (quippe
804 2275 991 2349 mutationi
1024 2273 1131 2349 fidem
1163 2276 1223 2350 hic
1252 2297 1323 2350 nou
1349 2275 1504 2349 faciente
1531 2275 1607 2349 ulla
1632 2274 1769 2348 radone
1796 2274 1981 2370 subjecta),
2008 2274 2055 2348 ab

420 2396 499 2491 ejus
524 2418 632 2469 manu
658 2396 696 2469 in
721 2396 979 2492 praelationem
1004 2394 1232 2470 Phormionis
1257 2397 1455 2490 profectum
1482 2417 1553 2470 uon
1575 2395 1717 2469 videtur
1737 2417 1866 2469 nomen
1886 2392 2055 2469 Sarrana·

419 2539 508 2591 rum.
562 2517 786 2591 Testimouio
821 2517 866 2590 de
901 2515 959 2588 his
993 2515 1092 2590 tibiis
1123 2515 1267 2590 fabulae
1293 2516 1401 2612 hujus
1426 2515 1583 2612 propriis
1609 2516 1746 2590 nullum
1773 2515 1915 2610 quidem
1940 2512 2055 2588 firma·

420 2642 578 2710 mentum
604 2635 744 2710 accedit
767 2658 791 2708 a
817 2634 954 2709 duobus
980 2634 1084 2709 libris
1110 2635 1367 2732 recognitionis
1393 2633 1653 2730 Calliopianae,
1686 2635 1724 2708 in
1751 2657 1841 2732 qvos
1867 2657 1988 2708 earum
2014 2633 2055 2708 ti·

420 2755 559 2830 biarum
593 2755 809 2830 mentionem
845 2778 865 2829 e
896 2755 1031 2831 Donati
1057 2755 1240 2830 codicibus
1265 2755 1476 2829 translatam
1504 2776 1596 2845 esse,
1624 2762 1732 2846 reete,
1760 2761 1799 2829 ut
1823 2754 1976 2845 videtur,
2001 2755 2056 2850 ju·

422 2874 577 2949 dicatum
613 2882 668 2949 est
703 2875 752 2974 (v.
789 2898 898 2972 supra
932 2898 967 2972 p.
1006 2880 1054 2952 52
1082 2883 1201 2950 annot.
1230 2876 1279 2972 5),
1308 2875 1374 2950 sed
1399 2874 1572 2949 nonnulla
1597 2882 1633 2948 et
1659 2898 1729 2949 nou
1756 2874 1939 2949 reticenda
1964 2896 2055 2949 com·

421 2995 600 3070 mendatio
632 3019 677 3070 ex
708 3018 761 3086 eo,
790 2995 895 3093 qvod,
925 2995 1008 3069 dum
1034 2994 1081 3068 ad
1107 3019 1215 3069 unum
1241 3018 1364 3070 omues
1391 2995 1534 3069 codices
1560 2993 1780 3090 Calliopiani
1804 2994 2056 3069 Phormionem

421 3114 517 3189 ludis
539 3113 711 3190 Romanis
730 3122 846 3189 actam
865 3137 946 3191 esse
963 3114 1118 3206 tradunt,
1137 3114 1229 3190 libro
1247 3116 1432 3205 Bembin0,
1452 3115 1589 3189 auctori
1608 3115 1763 3189 omnium
1781 3114 1998 3211 gravissimo
2005 3114 2054 3210 *),

421 3236 515 3309 inter
539 3258 665 3331 pauca,
694 3259 785 3333 qvae
812 3259 832 3311 e
859 3235 1058 3311 didascalia
1082 3235 1120 3309 in
1149 3258 1191 3311 eo
1217 3242 1366 3324 restant,
1394 3235 1489 3309 ludis
1515 3234 1785 3331 Megalensibus
1807 3234 1901 3308 hanc
1920 3256 2056 3309 comoe-

422 3354 517 3429 diam
551 3364 668 3430 actam
702 3358 923 3447 memoranti,
960 3378 1038 3430 cum
1074 3356 1217 3430 Donato
1251 3356 1428 3446 convenit,
1465 3378 1574 3451 qvare
1601 3379 1646 3429 ex
1673 3356 1798 3429 eodem
1823 3357 1933 3443 fonte,
1961 3354 2055 3429 unde

421 3475 511 3549 haec
536 3499 596 3551 res
622 3477 854 3551 communiter
880 3477 1002 3572 petita,
1030 3475 1212 3563 etiamid,
1240 3476 1335 3572 qvod
1362 3475 1405 3550 de
1431 3476 1532 3551 tibiis
1557 3475 1653 3571 apud
1679 3476 1859 3550 Donatum
1879 3483 1946 3565 est,
1966 3475 2057 3549 deri·

421 3605 542 3670 vatum
577 3620 659 3671 esse
693 3604 823 3693 potest.
876 3596 961 3672 dam
994 3596 1028 3669 si
1059 3596 1251 3691 qvaeritur,
1278 3603 1379 3671 utrae
1404 3597 1513 3670 tibiae
1542 3638 1587 3650 —
1615 3597 1782 3693 impares,
1810 3618 1959 3692 qvarum
1985 3616 2056 3670 mo

421 3716 478 3790 dis
505 3716 664 3809 „mistim
685 3717 761 3811 joci
788 3722 825 3789 et
850 3715 1074 3811 gravitates“
1102 3738 1275 3811 expressa
1301 3738 1383 3791 esse
1408 3723 1607 3805 narrantur,
1635 3738 1740 3811 qvam
1759 3737 1833 3790 rem
1854 3715 2055 3811 exemplum

420 3836 458 3909 in
484 3835 886 3911 Heautontimorumeno
913 3859 994 3911 mox
1021 3835 1196 3924 ostendet,
1223 3859 1269 3910 an
1297 3834 1486 3925 Sarranae,
1507 3859 1598 3932 qvae
1618 3858 1711 3928 „sua
1729 3836 1906 3931 gravitate
1924 3835 2056 3910 seriam

421 3955 626 4030 comoediae
660 3955 877 4030 dictionem“
912 3955 1220 4051 prosequebantur
1246 3962 1282 4029 et
1308 3956 1513 4052 ceteroquin
1539 3955 1577 4029 iu
1603 3956 1661 4046 iis,
1689 3978 1780 4051 qvae
1807 3955 1852 4029 de
1877 3954 2056 4051 Adelphis

421 4075 692 4170 disputavimus,
729 4076 819 4150 satis
851 4075 1053 4171 descriptae
1080 4082 1164 4148 sunt
1190 4117 1239 4128 --
1266 4075 1416 4149 canticis
1443 4075 1670 4149 Phormionis
1696 4074 1816 4171 potius
1842 4075 2055 4171 congruisse

420 4195 618 4282 videantur,
655 4217 724 4291 qvo
758 4203 864 4293 pacto
896 4195 954 4270 his
980 4196 1071 4270 bene
1098 4194 1260 4269 adhiberi
1287 4195 1396 4268 tibiae
1421 4195 1578 4289 impares
1603 4193 1794 4290 potuerint,
1822 4216 1895 4268 non
1920 4195 2056 4290 perspi·

421 4299 522 4405 citur,
561 4311 736 4389 Sacranas
769 4316 901 4411 nbiqve
933 4322 1192 4390 consentaneas
1218 4315 1332 4389 fuisse
1358 4315 1586 4411 perspicuum
1614 4322 1679 4389 est.
1716 4314 1876 4389 'Etenim
1903 4315 2055 4411 primum

421 4434 597 4509 canticum
632 4435 677 4508 ab
712 4434 893 4510 hilaritate
921 4443 956 4510 et
977 4436 1062 4530 joco
1087 4442 1160 4507 tam
1187 4435 1343 4509 alienum
1370 4442 1435 4524 est,
1464 4441 1503 4508 ut
1528 4432 1618 4507 nihil
1644 4434 1761 4531 possit
1787 4430 1923 4531 supra3'
1940 4457 2055 4530 neqve

420 4553 525 4630 aliter
550 4554 701 4628 alterum
728 4578 768 4630 se
794 4556 902 4631 habet
927 4555 1055 4652 ipsum,
1075 4577 1287 4651 qvamqvam
1305 4555 1466 4630 diverbia
1484 4555 1518 4629 ei
1535 4555 1672 4630 inserta
1689 4555 1929 4630 cavillationis
1946 4555 2057 4651 plena

420 4663 514 4766 sunt,
542 4681 582 4748 ut
606 4681 725 4751 amen
752 4675 870 4772 quivis
897 4674 1026 4750 debeat
1051 4674 1218 4749 arbitrari
1243 4697 1315 4750 non
1336 4675 1404 4750 has
1422 4682 1495 4749 tam
1515 4677 1645 4751 breves
1661 4676 1954 4751 interlocutiones
1971 4675 2056 4750 aliis

522 4968 554 5045 *)
586 4969 724 5028 limatum
753 4967 904 5045 (lepperti,
933 4968 984 5044 qvi
1011 4968 1190 5030 didascalice
1212 4969 1241 5029 iu
1264 4969 1366 5031 codice
1388 4970 1529 5032 Bembino
1552 4989 1648 5048 neqve
1670 4969 1773 5031 eadem
1796 4988 1894 5042 manu,
1917 4988 1953 5031 ac
1975 4975 2055 5031 cete-

421 5089 469 5131 ras
498 5073 610 5132 codicis
638 5079 748 5148 partes,
779 5090 875 5149 neqve
897 5072 1000 5132 iisdem
1022 5073 1129 5134 litteris
1150 5072 1312 5149 lapidariis,
1335 5074 1388 5133 sed
1411 5073 1560 5135 inclinatis
1582 5074 1753 5136 minusculis
1774 5074 1903 5151 scriptas
1925 5090 1991 5134 esse
2013 5072 2056 5132 ait

421 5175 463 5249 (p.
490 5175 577 5250 572),
601 5180 764 5235 comeatum
786 5182 832 5235 est
854 5181 923 5252 post
945 5175 1050 5237 librum
1073 5177 1171 5238 denuo
1192 5177 1357 5255 inspectum
1380 5177 1418 5238 ab
1440 5179 1521 5251 aliis3
1544 5178 1612 5240 cltr.
1634 5178 1846 5239 Wilmannsius
1868 5196 1899 5255 p.
1923 5180 1950 5238 3.
