4726 6270
78 732 178 841 ἰἰὸ

942 541 1147 622 Qomoiioaeo
1171 543 1389 612 Terentianae.
1897 547 1938 609 79

451 744 490 839 2)
516 744 562 821 V.
591 745 616 818 f.
646 745 847 821 aso-259
874 742 958 840 (act.
987 742 1036 821 izi
1063 766 1113 819 sc.
1143 749 1224 820 ozae
1249 764 1283 815 v.
1316 739 1425 837 1-6)
1451 740 1640 816 cauticum.
1693 740 1778 819 Vid.
1798 765 1834 839 p.
1856 746 1904 820 38
1924 764 1978 840 sq.

452 866 490 960 3)
516 864 563 941 V.
591 865 616 938 f.
646 867 847 941 aaa-319
875 866 958 962 (act.
988 864 1052 942 3:ii
1078 886 1129 940 ac.
1159 869 1239 941 izae
1264 885 1299 935 v.
1333 863 1471 958 1-21)
1496 862 1674 937 canticum
1701 885 1780 938 cum
1806 863 1978 940 diverbia.

349 983 433 1061 Μ
451 1008 496 1202 ‘g
517 989 574 1181 ld.5
590 989 846 1183 f.3dlo-633
874 1107 957 1203 (act.
986 1104 1037 1180 lxi
1063 1127 1113 1178 sc.
1142 1111 1223 1180 azae
1248 1127 1283 1177 v.
1309 1102 1447 1199 1—25)
1467 1103 1655 1178 canticum.
1696 1101 1782 1178 Vid.
1803 1125 1838 1199 p.
1861 1107 1908 1181 37
1924 1126 1977 1201 sq.

453 1224 490 1321 5)
516 1224 562 1300 V.
590 1225 616 1297 f.
646 1228 840 1302 855-881
874 1224 957 1323 (act.
987 1223 1039 1300 5:i
1063 1247 1115 1298 sc.
1147 1222 1422 1319 1:a)canticum
1485 1222 1570 1298 Vid.
1598 1246 1634 1319 p.
1665 1227 1712 1299 38
1741 1230 1777 1297 ct
1804 1228 1864 1299 40.

963 1412 1082 1420 —-—-

757 1736 817 1824 11.
873 1736 1228 1825 llmendationes
1258 1735 1574 1825 Terentianae.

453 1943 638 2040 Superiori
671 1941 905 2040 disputationi
938 1940 1185 2038 quaestionum
1211 1942 1413 2017 criticarnm
1440 1942 1621 2039 specimen
1647 1965 1795 2038 parvum
1821 1943 1983 2041 adjungi-

349 2086 438 2140 mus.
492 2063 686 2138 Praefandi
720 2085 831 2137 causa
862 2063 933 2137 hoo
958 2069 1095 2138 tantum
1121 2061 1284 2152 dicimus,
1313 2062 1572 2137 emendationis
1597 2062 1635 2136 in
1662 2063 1824 2138 Terentii
1849 2064 1984 2138 fabulis

350 2206 567 2281 progressus
602 2206 624 2257 a
656 2182 871 2279 conjecturis
897 2182 1145 2278 probabilibus
1165 2182 1243 2278 jam
1268 2182 1459 2257 maximam
1484 2190 1622 2279 partem
1648 2184 1908 2280 exspectandos
1935 2185 1985 2257 vi·

350 2304 439 2395 deri,
475 2327 555 2378 cum
590 2327 610 2377 e
645 2303 785 2378 duobus
822 2302 983 2377 codicum
1016 2303 1312 2378 Terentiauorum
1339 2303 1532 2398 generibus
1545 2303 1581 2400 l¹)
1607 2303 1755 2377 alterius
1783 2303 1984 2400 exemplum

350 2425 492 2500 unicum
519 2447 613 2499 nunc
638 2424 676 2498 in
701 2423 929 2499 bibliothecis
954 2423 1105 2521 reperiri
1130 2423 1286 2520 potuerit
1312 2423 1404 2497 liber
1429 2423 1636 2513 Bembiuus‚
1664 2422 1812 2498 alterius
1838 2445 1935 2513 vero,
1964 2446 1984 2498 e

350 2568 503 2620 censura
536 2542 718 2640 Oalliopii,
755 2552 794 2619 ut
827 2544 865 2618 in
899 2544 1143 2619 vetustissimo
1178 2565 1319 2640 qvoqve
1349 2543 1443 2618 libro
1469 2542 1686 2639 subscriptio
1712 2542 1857 2632 indicat,
1886 2543 1983 2617 ducti

350 2673 386 2740 et
412 2664 667 2738 mutationibus
692 2664 738 2739 ab
764 2664 833 2738 hoc
860 2663 937 2738 viro
963 2664 1059 2738 circa
1085 2663 1244 2738 seculum
1270 2686 1402 2738 nonum
1428 2661 1642 2759 excogitatis
1669 2688 1691 2737 a
1713 2670 1840 2760 poetae
1862 2663 1984 2737 verbis

349 2783 561 2873 remotioris,
598 2783 772 2880 exempla,
810 2806 958 2879 quorum
992 2783 1181 2858 multitudo
1214 2806 1328 2880 paene
1354 2782 1494 2858 infinita
1520 2806 1602 2858 esse
1630 2783 1769 2873 dicitur,
1796 2783 1984 2858 auctorita·

349 2912 421 2978 tem
447 2903 671 3000 antiquitatis
696 2904 734 2978 in
760 2902 1011 3001 discrepantiis
1037 2925 1119 2977 raro
1144 2893 1340 2994 redoleant,
1372 2926 1522 2999 cumque
1548 2902 1662 2977 codex
1687 2903 1895 2993 Bembiuus‚
1923 2904 1984 2998 qvi

350 3046 457 3098 mauu
490 3023 646 3098 hominis
680 3046 805 3120 parum
840 3024 981 3116 eruditi,
1018 3023 1083 3098 sed
1110 3024 1187 3119 jam
1220 3030 1345 3120 quarto
1371 3022 1494 3097 seculo
1521 3023 1677 3120 scriptus
1704 3031 1771 3114 est,
1798 3023 1921 3098 multis
1948 3030 1985 3097 et

349 3143 491 3240 magnis
519 3144 647 3218 erratis
674 3144 815 3242 etipse
840 3144 1048 3241 inquinatus
1075 3143 1133 3218 sit.
1187 3141 1467 3216 Emendationes
1494 3150 1638 3217 nostrae
1665 3164 1800 3233 omnes,
1824 3165 1914 3238 qvas
1928 3143 1984 3239 ju-

350 3264 444 3338 dicio
478 3263 755 3359 intelligentium
790 3262 1053 3354 committimus,
1089 3263 1314 3358 conjecturae
1348 3270 1443 3353 sunt,
1470 3261 1517 3337 ad
1543 3263 1672 3336 menda
1697 3262 1870 3358 quaedam
1896 3263 1984 3337 anti·

349 3385 468 3479 quitus
503 3391 582 3458 orta
613 3384 826 3480 corrigenda
858 3383 1069 3459 destinatae.
1124 3383 1229 3474 Qvod
1255 3390 1316 3457 aut
1342 3382 1387 3457 de
1413 3382 1591 3458 communi
1618 3383 1779 3458 codicum
1806 3383 1985 3480 scriptura

349 3512 411 3578 aut
445 3504 638 3603 separatim
673 3505 719 3579 de
754 3504 919 3581 Bembini
952 3503 991 3579 in
1025 3526 1103 3599 sqq.
1139 3502 1276 3600 passim
1311 3503 1509 3595 retulimus,
1545 3503 1719 3579 editorum
1750 3502 1894 3579 indiciis
1926 3503 1983 3577 de·

349 3624 484 3699 bemus.
558 3673 560 3677 -

1152 3742 1183 3818 1.

917 3881 1235 3960 Heautontim.
1263 3906 1297 3956 v.
1328 3887 1413 3959 645.

451 4018 625 4110 Sostrata,
653 4041 744 4094 uxor
769 4017 983 4111 Chremetis,
1002 4027 1190 4117 postquam
1209 4019 1242 4094 ei
1261 4019 1409 4093 maritus
1428 4019 1658 4116 exprobravit
1675 4019 1860 4116 imperium
1880 4041 1983 4094 suum

349 4140 393 4214 de
427 4138 541 4215 fibula
571 4137 782 4236 exponenda
807 4140 900 4214 male
927 4161 1005 4213 cam
1032 4139 1118 4214 olim
1144 4146 1348 4214 exsecutam
1374 4139 1470 4214 vitae
1496 4141 1651 4216 fortasse
1676 4141 1898 4215 meretriciae
1924 4140 1984 4216 vel

349 4260 455 4333 etiam
483 4260 607 4335 servili
632 4260 743 4335 filiam
770 4259 986 4352 servavisse,
1005 4258 1215 4358 suppliciter
1232 4282 1339 4335 orans
1356 4260 1409 4335 ita
1424 4259 1604 4335 inducitur
1621 4262 1659 4335 in
1679 4261 1835 4336 editione
1854 4260 1982 4337 Fleck-

349 4379 462 4454 eiseni
476 4380 551 4474 “):

451 4586 482 4658 *)
504 4586 573 4647 Vid.
596 4587 749 4648 Ritschelii
770 4589 808 4648 de
829 4589 1036 4649 emendatione
1053 4585 1230 4662 sabaiurwa
1248 4585 1496 4649 Termtiaaarum
1511 4589 1671 4665 disputatio
1688 4591 1891 4666 (programma
1905 4588 1982 4648 Vra-

348 4688 518 4749 tislaviense
548 4688 595 4748 ed.
626 4707 653 4748 a.
686 4691 793 4765 1838),
821 4707 851 4766 p.
878 4692 1012 4751 10—12.
1057 4688 1130 4751 Oltr.
1153 4690 1241 4751 etiam
1265 4690 1401 4751 Kraussii
1426 4691 1615 4763 Quaestionea
1639 4692 1838 4753 Terentianae
1859 4694 1984 4753 criticae

349 4792 410 4863 (ed.
433 4791 555 4852 Bonnae
580 4791 684 4870 1850).
708 4810 737 4868 p.
764 4793 898 4852 15-17.

450 4893 502 4971 **)
531 4896 576 4954 Ex
598 4894 655 4955 hae
678 4893 807 4955 editione
829 4910 934 4955 versus
956 4895 1086 4956 'l'crcntii
1110 4895 1197 4956 etiam
1219 4895 1249 4954 iu
1271 4911 1338 4971 sqq.
1361 4896 1534 4965 afferuntur,
1557 4896 1616 4957 levi
1639 4901 1736 4956 tamen
1759 4895 1839 4956 iacta
1862 4896 1891 4955 in
1914 4914 1982 4956 ver-

348 4995 394 5056 bis
417 4998 582 5058 scribendis
604 4998 842 5066 commutatione,
866 5016 942 5075 qvae
964 4999 1071 5060 attinet
1093 4998 1131 5059 ad
1153 5016 1174 5058 a
1196 5003 1226 5059 et
1247 5016 1273 5068 a,
1296 5000 1358 5059 iet
1370 4999 1394 5072 j
1410 4999 1525 5060 litteras
1548 4999 1587 5059 ad
1607 5005 1739 5059 nostrum
1755 4999 1903 5059 scribendi
1919 5016 1982 5059 mo-

348 5097 417 5159 dum
444 5101 555 5177 ubique
576 5101 606 5161 iu
628 5100 684 5162 hac
705 5101 870 5177 posteriore
892 5105 978 5177 parte
999 5100 1089 5179 bajus
1110 5099 1209 5178 operia
1232 5101 1397 5173 distinctas,
1421 5120 1458 5162 ne
1479 5103 1568 5162 nimia
1591 5103 1731 5170 varietas,
1755 5119 1830 5178 qvae
1852 5101 1900 5162 hic
1921 5101 1982 5163 ori·

347 5207 510 5272 turserat,
533 5205 634 5266 oculos
656 5204 827 5266 offenderet.
