<?xml version="1.0" encoding="UTF-8"?>
<!DOCTYPE html PUBLIC "-//W3C//DTD XHTML 1.0 Transitional//EN"
    "http://www.w3.org/TR/xhtml1/DTD/xhtml1-transitional.dtd">
<html xmlns="http://www.w3.org/1999/xhtml" xml:lang="en" lang="en">
 <head>
  <title>
</title>
<meta http-equiv="Content-Type" content="text/html;charset=utf-8" />
  <meta name='ocr-system' content='tesseract 3.04.00' />
  <meta name='ocr-capabilities' content='ocr_page ocr_carea ocr_par ocr_line ocrx_word'/>
</head>
<body>
  <div class='ocr_page' id='page_1' title='image "./qvaestionestere00brungoog_0081.png"; bbox 0 0 4726 6270; ppageno 0'>
   <div class='ocr_carea' id='block_1_1' title="bbox 474 500 1475 606">
    <p class='ocr_par' dir='ltr' id='par_1_1' title="bbox 474 500 1475 606">
     <span class='ocr_line' id='line_1_1' title="bbox 474 500 1475 606; baseline 0 -36"><span class='ocrx_word' id='word_1_1' title='bbox 474 509 514 570; x_wconf 82' lang='grc'>74</span> <span class='ocrx_word' id='word_1_2' title='bbox 760 604 762 606; x_wconf 10' lang='lat' dir='ltr'>q</span> <span class='ocrx_word' id='word_1_3' title='bbox 1008 501 1230 570; x_wconf 75' lang='grc'>1555555555</span> <span class='ocrx_word' id='word_1_4' title='bbox 1253 520 1278 569; x_wconf 74' lang='lat' dir='ltr'>a</span> <span class='ocrx_word' id='word_1_5' title='bbox 1298 500 1475 570; x_wconf 77' lang='lat' dir='ltr'>Bnurdn.</span> 
     </span>
    </p>
   </div>
   <div class='ocr_carea' id='block_1_2' title="bbox 427 699 2064 2002">
    <p class='ocr_par' dir='ltr' id='par_1_2' title="bbox 427 699 2064 2002">
     <span class='ocr_line' id='line_1_2' title="bbox 430 699 2062 803; baseline 0.002 -25"><span class='ocrx_word' id='word_1_6' title='bbox 430 704 524 802; x_wconf 86' lang='lat' dir='ltr'>qvod</span> <span class='ocrx_word' id='word_1_7' title='bbox 558 703 783 799; x_wconf 89' lang='lat' dir='ltr'>interjectum</span> <span class='ocrx_word' id='word_1_8' title='bbox 818 707 875 776; x_wconf 91' lang='lat' dir='ltr'>est</span> <span class='ocrx_word' id='word_1_9' title='bbox 908 699 1135 798; x_wconf 82' lang='lat' dir='ltr'>colloqvium,</span> <span class='ocrx_word' id='word_1_10' title='bbox 1172 701 1340 778; x_wconf 87' lang='lat' dir='ltr'>Dacieria</span> <span class='ocrx_word' id='word_1_11' title='bbox 1373 710 1410 778; x_wconf 85' lang='lat' dir='ltr'>et</span> <span class='ocrx_word' id='word_1_12' title='bbox 1443 709 1526 799; x_wconf 91' lang='lat' dir='ltr'>post</span> <span class='ocrx_word' id='word_1_13' title='bbox 1552 724 1631 777; x_wconf 88' lang='lat' dir='ltr'>eam</span> <span class='ocrx_word' id='word_1_14' title='bbox 1656 700 1811 780; x_wconf 88' lang='lat' dir='ltr'>Bothius</span> <span class='ocrx_word' id='word_1_15' title='bbox 1835 709 1873 781; x_wconf 90' lang='lat' dir='ltr'>et</span> <span class='ocrx_word' id='word_1_16' title='bbox 1897 703 1962 780; x_wconf 89' lang='lat' dir='ltr'>alii</span> <span class='ocrx_word' id='word_1_17' title='bbox 1986 705 2062 803; x_wconf 86' lang='lat' dir='ltr'>qvi·</span> 
     </span>
     <span class='ocr_line' id='line_1_3' title="bbox 430 819 2063 920; baseline 0.001 -20"><span class='ocrx_word' id='word_1_18' title='bbox 430 825 510 901; x_wconf 93' lang='lat' dir='ltr'>dam</span> <span class='ocrx_word' id='word_1_19' title='bbox 524 825 571 920; x_wconf 78' lang='lat'>*),</span> <span class='ocrx_word' id='word_1_20' title='bbox 598 824 635 897; x_wconf 93' lang='lat' dir='ltr'>in</span> <span class='ocrx_word' id='word_1_21' title='bbox 662 823 793 919; x_wconf 83' lang='lat' dir='ltr'>quibus</span> <span class='ocrx_word' id='word_1_22' title='bbox 818 821 898 919; x_wconf 87' lang='lat' dir='ltr'>ipse</span> <span class='ocrx_word' id='word_1_23' title='bbox 923 819 1195 914; x_wconf 85' lang='lat' dir='ltr'>Fleckeisenus,</span> <span class='ocrx_word' id='word_1_24' title='bbox 1223 820 1404 897; x_wconf 88' lang='lat' dir='ltr'>adfinem</span> <span class='ocrx_word' id='word_1_25' title='bbox 1429 830 1532 898; x_wconf 86' lang='lat' dir='ltr'>actus</span> <span class='ocrx_word' id='word_1_26' title='bbox 1556 822 1808 900; x_wconf 65' lang='lat' dir='ltr'>anteferunt.</span> <span class='ocrx_word' id='word_1_27' title='bbox 1849 822 1971 901; x_wconf 81' lang='lat' dir='ltr'>Causa</span> <span class='ocrx_word' id='word_1_28' title='bbox 1988 846 2063 903; x_wconf 85' lang='lat' dir='ltr'>mu·</span> 
     </span>
     <span class='ocr_line' id='line_1_4' title="bbox 428 940 2063 1042; baseline -0.001 -20"><span class='ocrx_word' id='word_1_29' title='bbox 428 955 523 1024; x_wconf 90' lang='lat' dir='ltr'>tatae</span> <span class='ocrx_word' id='word_1_30' title='bbox 549 941 813 1020; x_wconf 82' lang='lat' dir='ltr'>distributionis</span> <span class='ocrx_word' id='word_1_31' title='bbox 838 948 999 1038; x_wconf 88' lang='lat' dir='ltr'>apparet.</span> <span class='ocrx_word' id='word_1_32' title='bbox 1051 941 1145 1016; x_wconf 86' lang='lat' dir='ltr'>Nam</span> <span class='ocrx_word' id='word_1_33' title='bbox 1171 940 1256 1039; x_wconf 90' lang='lat' dir='ltr'>qvia</span> <span class='ocrx_word' id='word_1_34' title='bbox 1280 949 1363 1039; x_wconf 91' lang='lat' dir='ltr'>post</span> <span class='ocrx_word' id='word_1_35' title='bbox 1388 949 1536 1039; x_wconf 86' lang='lat' dir='ltr'>partem,</span> <span class='ocrx_word' id='word_1_36' title='bbox 1563 965 1670 1039; x_wconf 86' lang='lat' dir='ltr'>qvam</span> <span class='ocrx_word' id='word_1_37' title='bbox 1696 942 1916 1037; x_wconf 81' lang='lat' dir='ltr'>vocavimus,</span> <span class='ocrx_word' id='word_1_38' title='bbox 1945 953 2063 1042; x_wconf 87' lang='lat' dir='ltr'>poste·</span> 
     </span>
     <span class='ocr_line' id='line_1_5' title="bbox 428 1059 2063 1164; baseline 0 -22"><span class='ocrx_word' id='word_1_39' title='bbox 428 1067 557 1142; x_wconf 89' lang='lat' dir='ltr'>riorem</span> <span class='ocrx_word' id='word_1_40' title='bbox 584 1063 716 1138; x_wconf 89' lang='lat' dir='ltr'>cantici</span> <span class='ocrx_word' id='word_1_41' title='bbox 740 1084 854 1137; x_wconf 86' lang='lat' dir='ltr'>novae</span> <span class='ocrx_word' id='word_1_42' title='bbox 882 1081 1059 1156; x_wconf 78' lang='lat' dir='ltr'><strong>personae</strong></span> <span class='ocrx_word' id='word_1_43' title='bbox 1083 1059 1123 1135; x_wconf 93' lang='lat' dir='ltr'>in</span> <span class='ocrx_word' id='word_1_44' title='bbox 1148 1083 1293 1136; x_wconf 90' lang='lat' dir='ltr'>scenam</span> <span class='ocrx_word' id='word_1_45' title='bbox 1318 1062 1505 1159; x_wconf 91' lang='lat' dir='ltr'>prodeunt,</span> <span class='ocrx_word' id='word_1_46' title='bbox 1533 1086 1648 1138; x_wconf 86' lang='lat' dir='ltr'>vaona</span> <span class='ocrx_word' id='word_1_47' title='bbox 1673 1071 1756 1161; x_wconf 91' lang='lat' dir='ltr'>post</span> <span class='ocrx_word' id='word_1_48' title='bbox 1781 1063 1967 1164; x_wconf 87' lang='lat' dir='ltr'>Myrriuae</span> <span class='ocrx_word' id='word_1_49' title='bbox 1992 1064 2063 1142; x_wconf 78' lang='lat' dir='ltr'>dis</span> 
     </span>
     <span class='ocr_line' id='line_1_6' title="bbox 428 1180 2063 1284; baseline -0.002 -22"><span class='ocrx_word' id='word_1_50' title='bbox 428 1209 571 1262; x_wconf 88' lang='lat' dir='ltr'>cessum</span> <span class='ocrx_word' id='word_1_51' title='bbox 597 1206 707 1259; x_wconf 86' lang='lat' dir='ltr'>scena</span> <span class='ocrx_word' id='word_1_52' title='bbox 731 1180 864 1257; x_wconf 90' lang='lat' dir='ltr'>indicio</span> <span class='ocrx_word' id='word_1_53' title='bbox 891 1203 973 1256; x_wconf 91' lang='lat' dir='ltr'>esse</span> <span class='ocrx_word' id='word_1_54' title='bbox 998 1180 1079 1255; x_wconf 84' lang='lat' dir='ltr'>visa</span> <span class='ocrx_word' id='word_1_55' title='bbox 1105 1188 1161 1255; x_wconf 91' lang='lat' dir='ltr'>cst</span> <span class='ocrx_word' id='word_1_56' title='bbox 1186 1189 1288 1256; x_wconf 88' lang='lat' dir='ltr'>aetus</span> <span class='ocrx_word' id='word_1_57' title='bbox 1313 1181 1417 1272; x_wconf 88' lang='lat' dir='ltr'>finiti,</span> <span class='ocrx_word' id='word_1_58' title='bbox 1445 1183 1529 1257; x_wconf 94' lang='lat' dir='ltr'>dum</span> <span class='ocrx_word' id='word_1_59' title='bbox 1555 1205 1576 1257; x_wconf 92' lang='lat' dir='ltr'>e</span> <span class='ocrx_word' id='word_1_60' title='bbox 1602 1183 1782 1259; x_wconf 91' lang='lat' dir='ltr'>contrario</span> <span class='ocrx_word' id='word_1_61' title='bbox 1804 1191 1912 1259; x_wconf 89' lang='lat' dir='ltr'>antea</span> <span class='ocrx_word' id='word_1_62' title='bbox 1932 1183 2063 1284; x_wconf 89' lang='lat' dir='ltr'>Myrri-</span> 
     </span>
     <span class='ocr_line' id='line_1_7' title="bbox 428 1301 2062 1400; baseline -0.002 -19"><span class='ocrx_word' id='word_1_63' title='bbox 428 1331 495 1382; x_wconf 89' lang='lat' dir='ltr'>nae</span> <span class='ocrx_word' id='word_1_64' title='bbox 523 1330 568 1380; x_wconf 84' lang='lat' dir='ltr'>ex</span> <span class='ocrx_word' id='word_1_65' title='bbox 594 1304 742 1380; x_wconf 89' lang='lat' dir='ltr'>aedibus</span> <span class='ocrx_word' id='word_1_66' title='bbox 767 1301 994 1399; x_wconf 91' lang='lat' dir='ltr'>properantis</span> <span class='ocrx_word' id='word_1_67' title='bbox 1020 1301 1154 1377; x_wconf 86' lang='lat' dir='ltr'>exitum</span> <span class='ocrx_word' id='word_1_68' title='bbox 1179 1302 1219 1376; x_wconf 92' lang='lat' dir='ltr'>in</span> <span class='ocrx_word' id='word_1_69' title='bbox 1243 1323 1387 1376; x_wconf 89' lang='lat' dir='ltr'>scenam</span> <span class='ocrx_word' id='word_1_70' title='bbox 1414 1302 1494 1377; x_wconf 91' lang='lat' dir='ltr'>siue</span> <span class='ocrx_word' id='word_1_71' title='bbox 1519 1324 1619 1376; x_wconf 90' lang='lat' dir='ltr'>mora</span> <span class='ocrx_word' id='word_1_72' title='bbox 1644 1303 1749 1400; x_wconf 84' lang='lat' dir='ltr'>sequi</span> <span class='ocrx_word' id='word_1_73' title='bbox 1774 1303 1906 1379; x_wconf 91' lang='lat' dir='ltr'>debere</span> <span class='ocrx_word' id='word_1_74' title='bbox 1924 1311 2062 1400; x_wconf 88' lang='lat' dir='ltr'>putant,</span> 
     </span>
     <span class='ocr_line' id='line_1_8' title="bbox 427 1421 2064 1525; baseline -0.001 -24"><span class='ocrx_word' id='word_1_75' title='bbox 427 1434 617 1525; x_wconf 82' lang='lat' dir='ltr'>postquam</span> <span class='ocrx_word' id='word_1_76' title='bbox 642 1424 801 1514; x_wconf 90' lang='lat' dir='ltr'>maritus,</span> <span class='ocrx_word' id='word_1_77' title='bbox 828 1423 932 1519; x_wconf 89' lang='lat' dir='ltr'>cujus</span> <span class='ocrx_word' id='word_1_78' title='bbox 952 1421 1260 1518; x_wconf 79' lang='lat' dir='ltr'>compellationem</span> <span class='ocrx_word' id='word_1_79' title='bbox 1279 1443 1368 1496; x_wconf 86' lang='lat' dir='ltr'>uxor</span> <span class='ocrx_word' id='word_1_80' title='bbox 1385 1422 1553 1518; x_wconf 80' lang='lat' dir='ltr'>refugiat,</span> <span class='ocrx_word' id='word_1_81' title='bbox 1575 1422 1719 1498; x_wconf 91' lang='lat' dir='ltr'>domum</span> <span class='ocrx_word' id='word_1_82' title='bbox 1737 1423 1885 1499; x_wconf 91' lang='lat' dir='ltr'>introiit.</span> <span class='ocrx_word' id='word_1_83' title='bbox 1925 1423 1976 1498; x_wconf 85' lang='lat' dir='ltr'>At</span> <span class='ocrx_word' id='word_1_84' title='bbox 1994 1422 2064 1520; x_wconf 89' lang='lat' dir='ltr'>pri·</span> 
     </span>
     <span class='ocr_line' id='line_1_9' title="bbox 428 1540 2063 1643; baseline -0.002 -22"><span class='ocrx_word' id='word_1_85' title='bbox 428 1570 523 1622; x_wconf 94' lang='lat' dir='ltr'>mum</span> <span class='ocrx_word' id='word_1_86' title='bbox 557 1567 729 1620; x_wconf 89' lang='lat' dir='ltr'>novarum</span> <span class='ocrx_word' id='word_1_87' title='bbox 762 1565 996 1640; x_wconf 88' lang='lat' dir='ltr'>personarum</span> <span class='ocrx_word' id='word_1_88' title='bbox 1030 1541 1206 1616; x_wconf 85' lang='lat' dir='ltr'>adventus</span> <span class='ocrx_word' id='word_1_89' title='bbox 1236 1540 1327 1615; x_wconf 91' lang='lat' dir='ltr'>nihil</span> <span class='ocrx_word' id='word_1_90' title='bbox 1353 1549 1515 1633; x_wconf 89' lang='lat' dir='ltr'>testatur,</span> <span class='ocrx_word' id='word_1_91' title='bbox 1544 1543 1576 1617; x_wconf 93' lang='lat' dir='ltr'>si</span> <span class='ocrx_word' id='word_1_92' title='bbox 1603 1544 1725 1618; x_wconf 90' lang='lat' dir='ltr'>statim</span> <span class='ocrx_word' id='word_1_93' title='bbox 1750 1551 1936 1634; x_wconf 88' lang='lat' dir='ltr'>venerunt,</span> <span class='ocrx_word' id='word_1_94' title='bbox 1965 1542 2063 1643; x_wconf 88' lang='lat' dir='ltr'>Myr·</span> 
     </span>
     <span class='ocr_line' id='line_1_10' title="bbox 428 1661 2063 1764; baseline -0.002 -23"><span class='ocrx_word' id='word_1_95' title='bbox 428 1667 508 1741; x_wconf 93' lang='lat' dir='ltr'>rina</span> <span class='ocrx_word' id='word_1_96' title='bbox 542 1666 684 1741; x_wconf 92' lang='lat' dir='ltr'>domum</span> <span class='ocrx_word' id='word_1_97' title='bbox 718 1686 758 1737; x_wconf 91' lang='lat' dir='ltr'>se</span> <span class='ocrx_word' id='word_1_98' title='bbox 793 1662 988 1759; x_wconf 79' lang='lat' dir='ltr'>recipiente</span> <span class='ocrx_word' id='word_1_99' title='bbox 1023 1669 1059 1736; x_wconf 91' lang='lat' dir='ltr'>et</span> <span class='ocrx_word' id='word_1_100' title='bbox 1093 1661 1194 1736; x_wconf 92' lang='lat' dir='ltr'>tibiis</span> <span class='ocrx_word' id='word_1_101' title='bbox 1220 1661 1296 1756; x_wconf 92' lang='lat' dir='ltr'>jam</span> <span class='ocrx_word' id='word_1_102' title='bbox 1322 1661 1531 1753; x_wconf 82' lang='lat' dir='ltr'>silentibus3</span> <span class='ocrx_word' id='word_1_103' title='bbox 1559 1662 1689 1738; x_wconf 90' lang='lat' dir='ltr'>deinde</span> <span class='ocrx_word' id='word_1_104' title='bbox 1714 1662 1880 1764; x_wconf 77' lang='lat' dir='ltr'>Myrrina</span> <span class='ocrx_word' id='word_1_105' title='bbox 1904 1671 1979 1739; x_wconf 91' lang='lat' dir='ltr'>tum</span> <span class='ocrx_word' id='word_1_106' title='bbox 2004 1663 2063 1738; x_wconf 93' lang='lat' dir='ltr'>de·</span> 
     </span>
     <span class='ocr_line' id='line_1_11' title="bbox 428 1781 2061 1882; baseline -0.002 -22"><span class='ocrx_word' id='word_1_107' title='bbox 428 1809 522 1861; x_wconf 93' lang='lat' dir='ltr'>mum</span> <span class='ocrx_word' id='word_1_108' title='bbox 549 1792 733 1882; x_wconf 89' lang='lat' dir='ltr'>aspectum</span> <span class='ocrx_word' id='word_1_109' title='bbox 758 1782 827 1856; x_wconf 90' lang='lat' dir='ltr'>viri</span> <span class='ocrx_word' id='word_1_110' title='bbox 853 1781 991 1872; x_wconf 89' lang='lat' dir='ltr'>vitavit,</span> <span class='ocrx_word' id='word_1_111' title='bbox 1024 1803 1129 1876; x_wconf 84' lang='lat' dir='ltr'>qvem</span> <span class='ocrx_word' id='word_1_112' title='bbox 1155 1788 1239 1856; x_wconf 92' lang='lat' dir='ltr'>ante</span> <span class='ocrx_word' id='word_1_113' title='bbox 1265 1803 1429 1857; x_wconf 81' lang='lat' dir='ltr'>sermone</span> <span class='ocrx_word' id='word_1_114' title='bbox 1455 1783 1610 1859; x_wconf 90' lang='lat' dir='ltr'>retinere</span> <span class='ocrx_word' id='word_1_115' title='bbox 1636 1792 1672 1859; x_wconf 92' lang='lat' dir='ltr'>et</span> <span class='ocrx_word' id='word_1_116' title='bbox 1697 1786 1744 1860; x_wconf 87' lang='lat' dir='ltr'>ab</span> <span class='ocrx_word' id='word_1_117' title='bbox 1770 1785 1870 1860; x_wconf 90' lang='lat' dir='ltr'>aditu</span> <span class='ocrx_word' id='word_1_118' title='bbox 1895 1783 2061 1876; x_wconf 90' lang='lat' dir='ltr'>cubiculi,</span> 
     </span>
     <span class='ocr_line' id='line_1_12' title="bbox 427 1899 1619 2002; baseline -0.001 -22"><span class='ocrx_word' id='word_1_119' title='bbox 427 1906 465 1980; x_wconf 93' lang='lat' dir='ltr'>in</span> <span class='ocrx_word' id='word_1_120' title='bbox 493 1927 563 2002; x_wconf 86' lang='lat' dir='ltr'>qvo</span> <span class='ocrx_word' id='word_1_121' title='bbox 590 1910 666 1979; x_wconf 91' lang='lat' dir='ltr'>crat</span> <span class='ocrx_word' id='word_1_122' title='bbox 690 1901 767 1976; x_wconf 89' lang='lat' dir='ltr'>filia</span> <span class='ocrx_word' id='word_1_123' title='bbox 792 1924 872 1976; x_wconf 89' lang='lat' dir='ltr'>oum</span> <span class='ocrx_word' id='word_1_124' title='bbox 897 1901 1045 1991; x_wconf 86' lang='lat' dir='ltr'>infante,</span> <span class='ocrx_word' id='word_1_125' title='bbox 1074 1899 1262 1996; x_wconf 91' lang='lat' dir='ltr'>prohibere</span> <span class='ocrx_word' id='word_1_126' title='bbox 1289 1901 1422 1993; x_wconf 89' lang='lat' dir='ltr'>debuit,</span> <span class='ocrx_word' id='word_1_127' title='bbox 1450 1926 1530 1979; x_wconf 88' lang='lat' dir='ltr'>eum</span> <span class='ocrx_word' id='word_1_128' title='bbox 1556 1904 1619 1979; x_wconf 91' lang='lat' dir='ltr'>ille</span> 
     </span>
    </p>
   </div>
   <div class='ocr_carea' id='block_1_3' title="bbox 430 2071 1721 2414">
    <p class='ocr_par' dir='ltr' id='par_1_3' title="bbox 430 2071 1721 2414">
     <span class='ocr_line' id='line_1_13' title="bbox 735 2071 1711 2174; baseline 0.004 -27"><span class='ocrx_word' id='word_1_129' title='bbox 735 2123 784 2133; x_wconf 92' lang='lat'>—</span> <span class='ocrx_word' id='word_1_130' title='bbox 815 2117 858 2128; x_wconf 92' lang='lat'>-</span> <span class='ocrx_word' id='word_1_131' title='bbox 889 2071 1077 2148; x_wconf 75' lang='lat' dir='ltr'>audiuisse</span> <span class='ocrx_word' id='word_1_132' title='bbox 1102 2094 1226 2149; x_wconf 81' lang='lat' dir='ltr'>uocem</span> <span class='ocrx_word' id='word_1_133' title='bbox 1246 2072 1359 2172; x_wconf 74' lang='lat' dir='ltr'>poteri</span> <span class='ocrx_word' id='word_1_134' title='bbox 1384 2073 1504 2150; x_wconf 71' lang='lat' dir='ltr'>visast</span> <span class='ocrx_word' id='word_1_135' title='bbox 1526 2075 1711 2174; x_wconf 70' lang='lat' dir='ltr'>eripientis</span> 
     </span>
     <span class='ocr_line' id='line_1_14' title="bbox 430 2206 466 2272; baseline -0.028 0"><span class='ocrx_word' id='word_1_136' title='bbox 430 2206 466 2272; x_wconf 90' lang='lat' dir='ltr'>et</span> 
     </span>
     <span class='ocr_line' id='line_1_15' title="bbox 734 2311 1721 2414; baseline -0.001 -24"><span class='ocrx_word' id='word_1_137' title='bbox 734 2316 785 2390; x_wconf 79' lang='lat' dir='ltr'>ito</span> <span class='ocrx_word' id='word_1_138' title='bbox 812 2312 993 2413; x_wconf 80' lang='lat' dir='ltr'>corripuit</span> <span class='ocrx_word' id='word_1_139' title='bbox 1017 2311 1214 2414; x_wconf 80' lang='lat' dir='ltr'>de&#39;repcntc</span> <span class='ocrx_word' id='word_1_140' title='bbox 1240 2312 1373 2390; x_wconf 70' lang='lat' dir='ltr'>reicitur</span> <span class='ocrx_word' id='word_1_141' title='bbox 1398 2336 1481 2390; x_wconf 82' lang='lat' dir='ltr'>scre</span> <span class='ocrx_word' id='word_1_142' title='bbox 1507 2312 1561 2389; x_wconf 87' lang='lat' dir='ltr'>od</span> <span class='ocrx_word' id='word_1_143' title='bbox 1578 2314 1721 2410; x_wconf 63' lang='lat' dir='ltr'>filiam·</span> 
     </span>
    </p>
   </div>
   <div class='ocr_carea' id='block_1_4' title="bbox 427 2486 1206 2587">
    <p class='ocr_par' dir='ltr' id='par_1_4' title="bbox 427 2486 1206 2587">
     <span class='ocr_line' id='line_1_16' title="bbox 427 2486 1206 2587; baseline -0.008 -21"><span class='ocrx_word' id='word_1_144' title='bbox 427 2489 521 2566; x_wconf 92' lang='lat' dir='ltr'>unde</span> <span class='ocrx_word' id='word_1_145' title='bbox 547 2491 627 2587; x_wconf 93' lang='lat' dir='ltr'>ipse</span> <span class='ocrx_word' id='word_1_146' title='bbox 655 2489 753 2577; x_wconf 88' lang='lat' dir='ltr'>dicit,</span> <span class='ocrx_word' id='word_1_147' title='bbox 781 2486 885 2562; x_wconf 94' lang='lat' dir='ltr'>domo</span> <span class='ocrx_word' id='word_1_148' title='bbox 912 2509 1037 2562; x_wconf 91' lang='lat' dir='ltr'>rursus</span> <span class='ocrx_word' id='word_1_149' title='bbox 1064 2487 1206 2562; x_wconf 85' lang='lat' dir='ltr'>exiens:</span> 
     </span>
    </p>
   </div>
   <div class='ocr_carea' id='block_1_5' title="bbox 692 2647 1760 2770">
    <p class='ocr_par' dir='ltr' id='par_1_5' title="bbox 692 2647 1760 2770">
     <span class='ocr_line' id='line_1_17' title="bbox 692 2647 1760 2770; baseline -0.005 -17"><span class='ocrx_word' id='word_1_150' title='bbox 692 2647 791 2753; x_wconf 64' lang='lat' dir='ltr'>onr</span> <span class='ocrx_word' id='word_1_151' title='bbox 817 2674 880 2752; x_wconf 80' lang='lat' dir='ltr'>ubi</span> <span class='ocrx_word' id='word_1_152' title='bbox 905 2698 961 2750; x_wconf 84' lang='lat' dir='ltr'>mc</span> <span class='ocrx_word' id='word_1_153' title='bbox 988 2673 1041 2751; x_wconf 82' lang='lat' dir='ltr'>od</span> <span class='ocrx_word' id='word_1_154' title='bbox 1059 2675 1182 2770; x_wconf 77' lang='lat' dir='ltr'>filiam</span> <span class='ocrx_word' id='word_1_155' title='bbox 1209 2675 1265 2751; x_wconf 79' lang='lat' dir='ltr'>ire</span> <span class='ocrx_word' id='word_1_156' title='bbox 1289 2674 1418 2768; x_wconf 62' lang='lat' dir='ltr'>sensit,</span> <span class='ocrx_word' id='word_1_157' title='bbox 1443 2697 1487 2750; x_wconf 82' lang='lat' dir='ltr'>se</span> <span class='ocrx_word' id='word_1_158' title='bbox 1512 2672 1620 2750; x_wconf 82' lang='lat' dir='ltr'>dorr&#39;t</span> <span class='ocrx_word' id='word_1_159' title='bbox 1636 2678 1760 2770; x_wconf 75' lang='lat' dir='ltr'>sorar.</span> 
     </span>
    </p>
   </div>
   <div class='ocr_carea' id='block_1_6' title="bbox 423 2864 2157 5009">
    <p class='ocr_par' dir='ltr' id='par_1_6' title="bbox 423 2864 2062 4745">
     <span class='ocr_line' id='line_1_18' title="bbox 427 2864 2062 2963; baseline -0.001 -20"><span class='ocrx_word' id='word_1_160' title='bbox 427 2870 483 2943; x_wconf 87' lang='lat' dir='ltr'>Ao</span> <span class='ocrx_word' id='word_1_161' title='bbox 518 2870 551 2942; x_wconf 94' lang='lat' dir='ltr'>si</span> <span class='ocrx_word' id='word_1_162' title='bbox 585 2867 774 2942; x_wconf 89' lang='lat' dir='ltr'>interiores</span> <span class='ocrx_word' id='word_1_163' title='bbox 807 2866 952 2941; x_wconf 84' lang='lat' dir='ltr'>fabulae</span> <span class='ocrx_word' id='word_1_164' title='bbox 987 2865 1145 2939; x_wconf 89' lang='lat' dir='ltr'>rationes</span> <span class='ocrx_word' id='word_1_165' title='bbox 1180 2873 1394 2960; x_wconf 86' lang='lat' dir='ltr'>spectamus,</span> <span class='ocrx_word' id='word_1_166' title='bbox 1429 2864 1543 2939; x_wconf 90' lang='lat' dir='ltr'>altera</span> <span class='ocrx_word' id='word_1_167' title='bbox 1572 2888 1658 2962; x_wconf 89' lang='lat' dir='ltr'>pars</span> <span class='ocrx_word' id='word_1_168' title='bbox 1685 2865 1835 2963; x_wconf 79' lang='lat' dir='ltr'>epitasis</span> <span class='ocrx_word' id='word_1_169' title='bbox 1861 2866 2062 2941; x_wconf 81' lang='lat' dir='ltr'>continetur</span> 
     </span>
     <span class='ocr_line' id='line_1_19' title="bbox 427 2985 2062 3085; baseline -0.002 -21"><span class='ocrx_word' id='word_1_170' title='bbox 427 2997 509 3064; x_wconf 87' lang='lat' dir='ltr'>actu</span> <span class='ocrx_word' id='word_1_171' title='bbox 535 2989 651 3079; x_wconf 89' lang='lat' dir='ltr'>tertio,</span> <span class='ocrx_word' id='word_1_172' title='bbox 680 2994 805 3085; x_wconf 85' lang='lat' dir='ltr'>qvarto</span> <span class='ocrx_word' id='word_1_173' title='bbox 831 2987 956 3076; x_wconf 89' lang='lat' dir='ltr'>altera,</span> <span class='ocrx_word' id='word_1_174' title='bbox 982 2986 1090 3081; x_wconf 89' lang='lat' dir='ltr'>hujus</span> <span class='ocrx_word' id='word_1_175' title='bbox 1117 3006 1203 3060; x_wconf 78' lang='lat' dir='ltr'>uero</span> <span class='ocrx_word' id='word_1_176' title='bbox 1228 2986 1345 3081; x_wconf 93' lang='lat' dir='ltr'>partis</span> <span class='ocrx_word' id='word_1_177' title='bbox 1361 2985 1577 3081; x_wconf 92' lang='lat' dir='ltr'>principium</span> <span class='ocrx_word' id='word_1_178' title='bbox 1593 2985 1826 3081; x_wconf 89' lang='lat' dir='ltr'>repetendum</span> <span class='ocrx_word' id='word_1_179' title='bbox 1843 2994 1900 3061; x_wconf 89' lang='lat' dir='ltr'>est</span> <span class='ocrx_word' id='word_1_180' title='bbox 1916 3010 1940 3060; x_wconf 92' lang='lat' dir='ltr'>a</span> <span class='ocrx_word' id='word_1_181' title='bbox 1956 2993 2062 3083; x_wconf 90' lang='lat' dir='ltr'>partu</span> 
     </span>
     <span class='ocr_line' id='line_1_20' title="bbox 426 3106 2062 3207; baseline -0.002 -23"><span class='ocrx_word' id='word_1_182' title='bbox 426 3110 523 3184; x_wconf 90' lang='lat' dir='ltr'>filiae</span> <span class='ocrx_word' id='word_1_183' title='bbox 549 3109 645 3207; x_wconf 91' lang='lat' dir='ltr'>patri</span> <span class='ocrx_word' id='word_1_184' title='bbox 669 3109 823 3205; x_wconf 93' lang='lat' dir='ltr'>primum</span> <span class='ocrx_word' id='word_1_185' title='bbox 849 3107 1005 3204; x_wconf 86' lang='lat' dir='ltr'>cognito,</span> <span class='ocrx_word' id='word_1_186' title='bbox 1034 3129 1125 3203; x_wconf 90' lang='lat' dir='ltr'>qvae</span> <span class='ocrx_word' id='word_1_187' title='bbox 1151 3127 1211 3179; x_wconf 91' lang='lat' dir='ltr'>res</span> <span class='ocrx_word' id='word_1_188' title='bbox 1236 3112 1335 3179; x_wconf 88' lang='lat' dir='ltr'>arcte</span> <span class='ocrx_word' id='word_1_189' title='bbox 1361 3129 1523 3180; x_wconf 85' lang='lat' dir='ltr'>connexa</span> <span class='ocrx_word' id='word_1_190' title='bbox 1548 3113 1604 3180; x_wconf 89' lang='lat' dir='ltr'>est</span> <span class='ocrx_word' id='word_1_191' title='bbox 1630 3129 1711 3181; x_wconf 93' lang='lat' dir='ltr'>cum</span> <span class='ocrx_word' id='word_1_192' title='bbox 1732 3106 1791 3196; x_wconf 91' lang='lat' dir='ltr'>iis,</span> <span class='ocrx_word' id='word_1_193' title='bbox 1812 3129 1904 3203; x_wconf 87' lang='lat' dir='ltr'>qvae</span> <span class='ocrx_word' id='word_1_194' title='bbox 1921 3107 2062 3182; x_wconf 85' lang='lat' dir='ltr'>inacta</span> 
     </span>
     <span class='ocr_line' id='line_1_21' title="bbox 427 3225 2062 3326; baseline 0 -25"><span class='ocrx_word' id='word_1_195' title='bbox 427 3239 553 3326; x_wconf 82' lang='lat' dir='ltr'>quarto</span> <span class='ocrx_word' id='word_1_196' title='bbox 580 3253 686 3305; x_wconf 89' lang='lat' dir='ltr'>senes</span> <span class='ocrx_word' id='word_1_197' title='bbox 712 3229 806 3303; x_wconf 89' lang='lat' dir='ltr'>inter</span> <span class='ocrx_word' id='word_1_198' title='bbox 832 3252 871 3303; x_wconf 90' lang='lat' dir='ltr'>se</span> <span class='ocrx_word' id='word_1_199' title='bbox 898 3235 934 3302; x_wconf 89' lang='lat' dir='ltr'>ct</span> <span class='ocrx_word' id='word_1_200' title='bbox 960 3249 1040 3301; x_wconf 89' lang='lat' dir='ltr'>oum</span> <span class='ocrx_word' id='word_1_201' title='bbox 1066 3225 1255 3323; x_wconf 92' lang='lat' dir='ltr'>Pamphilo</span> <span class='ocrx_word' id='word_1_202' title='bbox 1280 3226 1483 3321; x_wconf 76' lang='lat' dir='ltr'>loquuntur,</span> <span class='ocrx_word' id='word_1_203' title='bbox 1512 3234 1548 3300; x_wconf 89' lang='lat' dir='ltr'>et</span> <span class='ocrx_word' id='word_1_204' title='bbox 1573 3249 1654 3301; x_wconf 92' lang='lat' dir='ltr'>cnm</span> <span class='ocrx_word' id='word_1_205' title='bbox 1676 3227 1911 3303; x_wconf 88' lang='lat' dir='ltr'>advocatione</span> <span class='ocrx_word' id='word_1_206' title='bbox 1929 3226 2062 3302; x_wconf 89' lang='lat' dir='ltr'>ibidem</span> 
     </span>
     <span class='ocr_line' id='line_1_22' title="bbox 427 3330 2061 3445; baseline 0.001 -22"><span class='ocrx_word' id='word_1_207' title='bbox 427 3350 631 3426; x_wconf 90' lang='lat' dir='ltr'>Bacchidis.</span> <span class='ocrx_word' id='word_1_208' title='bbox 686 3350 786 3445; x_wconf 85' lang='lat' dir='ltr'>Ergo</span> <span class='ocrx_word' id='word_1_209' title='bbox 812 3349 903 3423; x_wconf 93' lang='lat' dir='ltr'>nihil</span> <span class='ocrx_word' id='word_1_210' title='bbox 928 3347 1103 3444; x_wconf 88' lang='lat' dir='ltr'>prohihet,</span> <span class='ocrx_word' id='word_1_211' title='bbox 1132 3347 1320 3443; x_wconf 79' lang='lat' dir='ltr'>quominus</span> <span class='ocrx_word' id='word_1_212' title='bbox 1347 3346 1401 3421; x_wconf 89' lang='lat' dir='ltr'>sio</span> <span class='ocrx_word' id='word_1_213' title='bbox 1427 3330 1703 3422; x_wconf 87' lang='lat' dir='ltr'>sentireliceat:</span> <span class='ocrx_word' id='word_1_214' title='bbox 1724 3347 1964 3444; x_wconf 70' lang='lat' dir='ltr'>postremi.</span> <span class='ocrx_word' id='word_1_215' title='bbox 1987 3353 2061 3424; x_wconf 86' lang='grc'>515</span> 
     </span>
     <span class='ocr_line' id='line_1_23' title="bbox 427 3467 2062 3558; baseline -0.002 -13"><span class='ocrx_word' id='word_1_216' title='bbox 427 3478 462 3545; x_wconf 92' lang='lat' dir='ltr'>et</span> <span class='ocrx_word' id='word_1_217' title='bbox 488 3469 687 3545; x_wconf 91' lang='lat' dir='ltr'>discessum</span> <span class='ocrx_word' id='word_1_218' title='bbox 714 3469 821 3544; x_wconf 88' lang='lat' dir='ltr'>etiam</span> <span class='ocrx_word' id='word_1_219' title='bbox 848 3468 1018 3544; x_wconf 89' lang='lat' dir='ltr'>Lachetis</span> <span class='ocrx_word' id='word_1_220' title='bbox 1044 3467 1225 3543; x_wconf 90' lang='lat' dir='ltr'>tibicinem</span> <span class='ocrx_word' id='word_1_221' title='bbox 1251 3468 1289 3541; x_wconf 88' lang='lat' dir='ltr'>in</span> <span class='ocrx_word' id='word_1_222' title='bbox 1315 3490 1430 3543; x_wconf 89' lang='lat' dir='ltr'>vacua</span> <span class='ocrx_word' id='word_1_223' title='bbox 1450 3490 1560 3542; x_wconf 87' lang='lat' dir='ltr'>scena</span> <span class='ocrx_word' id='word_1_224' title='bbox 1577 3468 1769 3558; x_wconf 83' lang='lat' dir='ltr'>cecinisse3</span> <span class='ocrx_word' id='word_1_225' title='bbox 1788 3468 1918 3544; x_wconf 92' lang='lat' dir='ltr'>deinde</span> <span class='ocrx_word' id='word_1_226' title='bbox 1934 3476 2062 3542; x_wconf 87' lang='lat' dir='ltr'>matro</span> 
     </span>
     <span class='ocr_line' id='line_1_24' title="bbox 426 3588 2061 3687; baseline -0.001 -23"><span class='ocrx_word' id='word_1_227' title='bbox 426 3614 508 3664; x_wconf 89' lang='lat' dir='ltr'>nam</span> <span class='ocrx_word' id='word_1_228' title='bbox 544 3614 729 3687; x_wconf 86' lang='lat' dir='ltr'>egressam</span> <span class='ocrx_word' id='word_1_229' title='bbox 765 3613 846 3665; x_wconf 88' lang='lat' dir='ltr'>esse</span> <span class='ocrx_word' id='word_1_230' title='bbox 882 3598 918 3665; x_wconf 90' lang='lat' dir='ltr'>et</span> <span class='ocrx_word' id='word_1_231' title='bbox 956 3630 996 3642; x_wconf 94' lang='lat'>-</span> <span class='ocrx_word' id='word_1_232' title='bbox 1032 3596 1072 3662; x_wconf 92' lang='lat' dir='ltr'>ut</span> <span class='ocrx_word' id='word_1_233' title='bbox 1102 3610 1277 3684; x_wconf 90' lang='lat' dir='ltr'>persaepe</span> <span class='ocrx_word' id='word_1_234' title='bbox 1303 3588 1481 3663; x_wconf 89' lang='lat' dir='ltr'>canticum</span> <span class='ocrx_word' id='word_1_235' title='bbox 1506 3588 1695 3663; x_wconf 88' lang='lat' dir='ltr'>comitatus</span> <span class='ocrx_word' id='word_1_236' title='bbox 1722 3589 1875 3684; x_wconf 87' lang='lat' dir='ltr'>estjam</span> <span class='ocrx_word' id='word_1_237' title='bbox 1901 3595 1985 3663; x_wconf 89' lang='lat' dir='ltr'>ante</span> <span class='ocrx_word' id='word_1_238' title='bbox 2010 3588 2061 3662; x_wconf 92' lang='lat' dir='ltr'>in·</span> 
     </span>
     <span class='ocr_line' id='line_1_25' title="bbox 426 3707 2060 3805; baseline -0.001 -20"><span class='ocrx_word' id='word_1_239' title='bbox 426 3711 577 3786; x_wconf 89' lang='lat' dir='ltr'>choatus</span> <span class='ocrx_word' id='word_1_240' title='bbox 603 3717 731 3784; x_wconf 87' lang='lat' dir='ltr'>cantus</span> <span class='ocrx_word' id='word_1_241' title='bbox 757 3709 924 3784; x_wconf 89' lang='lat' dir='ltr'>tibiarum</span> <span class='ocrx_word' id='word_1_242' title='bbox 956 3750 997 3766; x_wconf 86' lang='lat'>-·</span> <span class='ocrx_word' id='word_1_243' title='bbox 1026 3708 1073 3783; x_wconf 92' lang='lat' dir='ltr'>ad</span> <span class='ocrx_word' id='word_1_244' title='bbox 1098 3707 1207 3782; x_wconf 90' lang='lat' dir='ltr'>tibias</span> <span class='ocrx_word' id='word_1_245' title='bbox 1233 3708 1418 3805; x_wconf 91' lang='lat' dir='ltr'>paulisper</span> <span class='ocrx_word' id='word_1_246' title='bbox 1435 3731 1565 3783; x_wconf 89' lang='lat' dir='ltr'>secum</span> <span class='ocrx_word' id='word_1_247' title='bbox 1591 3707 1637 3783; x_wconf 90' lang='lat' dir='ltr'>dc</span> <span class='ocrx_word' id='word_1_248' title='bbox 1663 3710 1772 3784; x_wconf 91' lang='lat' dir='ltr'>rebus</span> <span class='ocrx_word' id='word_1_249' title='bbox 1797 3709 1875 3784; x_wconf 92' lang='lat' dir='ltr'>suis</span> <span class='ocrx_word' id='word_1_250' title='bbox 1896 3709 2060 3805; x_wconf 81' lang='lat' dir='ltr'>despera</span> 
     </span>
     <span class='ocr_line' id='line_1_26' title="bbox 424 3828 2060 3927; baseline 0 -24"><span class='ocrx_word' id='word_1_251' title='bbox 424 3830 473 3904; x_wconf 89' lang='lat' dir='ltr'>tis</span> <span class='ocrx_word' id='word_1_252' title='bbox 500 3831 633 3927; x_wconf 86' lang='lat' dir='ltr'>egisse,</span> <span class='ocrx_word' id='word_1_253' title='bbox 661 3829 776 3904; x_wconf 91' lang='lat' dir='ltr'>donec</span> <span class='ocrx_word' id='word_1_254' title='bbox 801 3829 916 3907; x_wconf 88' lang='lat' dir='ltr'>virum</span> <span class='ocrx_word' id='word_1_255' title='bbox 943 3836 1131 3905; x_wconf 82' lang='lat' dir='ltr'>exeuntem</span> <span class='ocrx_word' id='word_1_256' title='bbox 1155 3829 1294 3903; x_wconf 89' lang='lat' dir='ltr'>audivit</span> <span class='ocrx_word' id='word_1_257' title='bbox 1319 3831 1369 3927; x_wconf 87' lang='lat' dir='ltr'>(v.</span> <span class='ocrx_word' id='word_1_258' title='bbox 1398 3829 1487 3925; x_wconf 82' lang='lat'>521)</span> <span class='ocrx_word' id='word_1_259' title='bbox 1515 3837 1561 3919; x_wconf 92' lang='lat' dir='ltr'>et,</span> <span class='ocrx_word' id='word_1_260' title='bbox 1589 3852 1669 3904; x_wconf 89' lang='lat' dir='ltr'>cum</span> <span class='ocrx_word' id='word_1_261' title='bbox 1691 3830 1768 3925; x_wconf 89' lang='lat' dir='ltr'>jam</span> <span class='ocrx_word' id='word_1_262' title='bbox 1794 3828 1866 3903; x_wconf 92' lang='lat' dir='ltr'>non</span> <span class='ocrx_word' id='word_1_263' title='bbox 1885 3829 2000 3903; x_wconf 89' lang='lat' dir='ltr'>solam</span> <span class='ocrx_word' id='word_1_264' title='bbox 2019 3851 2060 3903; x_wconf 91' lang='lat' dir='ltr'>se</span> 
     </span>
     <span class='ocr_line' id='line_1_27' title="bbox 425 3948 2060 4044; baseline -0.001 -21"><span class='ocrx_word' id='word_1_265' title='bbox 425 3972 507 4024; x_wconf 90' lang='lat' dir='ltr'>esse</span> <span class='ocrx_word' id='word_1_266' title='bbox 535 3951 683 4039; x_wconf 86' lang='lat' dir='ltr'>videret,</span> <span class='ocrx_word' id='word_1_267' title='bbox 717 3957 757 4028; x_wconf 90' lang='lat' dir='ltr'>ut</span> <span class='ocrx_word' id='word_1_268' title='bbox 782 3948 821 4022; x_wconf 91' lang='lat' dir='ltr'>in</span> <span class='ocrx_word' id='word_1_269' title='bbox 846 3948 911 4022; x_wconf 89' lang='lat' dir='ltr'>tali</span> <span class='ocrx_word' id='word_1_270' title='bbox 938 3954 1036 4022; x_wconf 89' lang='lat' dir='ltr'>statu</span> <span class='ocrx_word' id='word_1_271' title='bbox 1061 3970 1204 4044; x_wconf 91' lang='lat' dir='ltr'>semper</span> <span class='ocrx_word' id='word_1_272' title='bbox 1228 3948 1270 4023; x_wconf 89' lang='lat' dir='ltr'>fit</span> <span class='ocrx_word' id='word_1_273' title='bbox 1294 3948 1333 4023; x_wconf 92' lang='lat' dir='ltr'>in</span> <span class='ocrx_word' id='word_1_274' title='bbox 1360 3948 1511 4040; x_wconf 88' lang='lat' dir='ltr'>cantico,</span> <span class='ocrx_word' id='word_1_275' title='bbox 1538 3950 1583 4024; x_wconf 93' lang='grc'>55</span> <span class='ocrx_word' id='word_1_276' title='bbox 1609 3949 1680 4024; x_wconf 86' lang='grc'>555</span> <span class='ocrx_word' id='word_1_277' title='bbox 1705 3949 1858 4039; x_wconf 89' lang='lat' dir='ltr'>destitit;</span> <span class='ocrx_word' id='word_1_278' title='bbox 1885 3957 1962 4024; x_wconf 91' lang='lat' dir='ltr'>tnm</span> <span class='ocrx_word' id='word_1_279' title='bbox 1988 3971 2060 4024; x_wconf 91' lang='lat' dir='ltr'>ser·</span> 
     </span>
     <span class='ocr_line' id='line_1_28' title="bbox 425 4066 2057 4164; baseline 0.001 -22"><span class='ocrx_word' id='word_1_280' title='bbox 425 4092 564 4144; x_wconf 91' lang='lat' dir='ltr'>monem</span> <span class='ocrx_word' id='word_1_281' title='bbox 590 4070 660 4144; x_wconf 89' lang='lat' dir='ltr'>viri</span> <span class='ocrx_word' id='word_1_282' title='bbox 687 4077 722 4143; x_wconf 87' lang='lat' dir='ltr'>et</span> <span class='ocrx_word' id='word_1_283' title='bbox 747 4068 871 4142; x_wconf 86' lang='lat' dir='ltr'>uxoris</span> <span class='ocrx_word' id='word_1_284' title='bbox 895 4066 1050 4163; x_wconf 90' lang='lat' dir='ltr'>amplius</span> <span class='ocrx_word' id='word_1_285' title='bbox 1077 4067 1315 4164; x_wconf 80' lang='lat' dir='ltr'>quadraginta</span> <span class='ocrx_word' id='word_1_286' title='bbox 1334 4069 1499 4143; x_wconf 87' lang='lat' dir='ltr'>versibus</span> <span class='ocrx_word' id='word_1_287' title='bbox 1519 4069 1599 4143; x_wconf 92' lang='lat' dir='ltr'>sine</span> <span class='ocrx_word' id='word_1_288' title='bbox 1618 4069 1765 4144; x_wconf 89' lang='lat' dir='ltr'>tibicine</span> <span class='ocrx_word' id='word_1_289' title='bbox 1782 4069 1943 4144; x_wconf 90' lang='lat' dir='ltr'>habitum</span> <span class='ocrx_word' id='word_1_290' title='bbox 1960 4091 2057 4158; x_wconf 85' lang='lat' dir='ltr'>esse3</span> 
     </span>
     <span class='ocr_line' id='line_1_29' title="bbox 424 4174 2059 4286; baseline -0.001 -22"><span class='ocrx_word' id='word_1_291' title='bbox 424 4196 604 4285; x_wconf 89' lang='lat' dir='ltr'>postremo</span> <span class='ocrx_word' id='word_1_292' title='bbox 630 4189 741 4278; x_wconf 90' lang='lat' dir='ltr'>illam,</span> <span class='ocrx_word' id='word_1_293' title='bbox 770 4188 883 4263; x_wconf 91' lang='lat' dir='ltr'>solam</span> <span class='ocrx_word' id='word_1_294' title='bbox 909 4187 1038 4263; x_wconf 89' lang='lat' dir='ltr'>iterum</span> <span class='ocrx_word' id='word_1_295' title='bbox 1063 4187 1206 4278; x_wconf 69' lang='grc'>5555555,</span> <span class='ocrx_word' id='word_1_296' title='bbox 1234 4174 1621 4263; x_wconf 81' lang='lat' dir='ltr'>meditationes&#39;animi</span> <span class='ocrx_word' id='word_1_297' title='bbox 1646 4189 1826 4286; x_wconf 82' lang='lat' dir='ltr'>persequi,</span> <span class='ocrx_word' id='word_1_298' title='bbox 1852 4188 1891 4262; x_wconf 93' lang='lat' dir='ltr'>id</span> <span class='ocrx_word' id='word_1_299' title='bbox 1913 4196 1970 4264; x_wconf 87' lang='lat' dir='ltr'>est</span> <span class='ocrx_word' id='word_1_300' title='bbox 1990 4188 2059 4263; x_wconf 88' lang='lat' dir='ltr'>hoc</span> 
     </span>
     <span class='ocr_line' id='line_1_30' title="bbox 423 4306 2059 4404; baseline 0.001 -22"><span class='ocrx_word' id='word_1_301' title='bbox 423 4309 519 4384; x_wconf 87' lang='lat' dir='ltr'>loco:</span> <span class='ocrx_word' id='word_1_302' title='bbox 556 4310 732 4388; x_wconf 89' lang='lat' dir='ltr'>canticum</span> <span class='ocrx_word' id='word_1_303' title='bbox 767 4308 985 4387; x_wconf 89' lang='lat' dir='ltr'>continuare.</span> <span class='ocrx_word' id='word_1_304' title='bbox 1044 4306 1172 4403; x_wconf 88' lang='lat' dir='ltr'>Itaqve</span> <span class='ocrx_word' id='word_1_305' title='bbox 1202 4308 1273 4384; x_wconf 91' lang='lat' dir='ltr'>tria</span> <span class='ocrx_word' id='word_1_306' title='bbox 1298 4316 1383 4384; x_wconf 92' lang='lat' dir='ltr'>sunt</span> <span class='ocrx_word' id='word_1_307' title='bbox 1408 4307 1549 4382; x_wconf 86' lang='lat' dir='ltr'>cantica</span> <span class='ocrx_word' id='word_1_308' title='bbox 1573 4308 1681 4404; x_wconf 77' lang='lat' dir='ltr'>hans</span> <span class='ocrx_word' id='word_1_309' title='bbox 1707 4309 1923 4400; x_wconf 91' lang='lat' dir='ltr'>comoediae,</span> <span class='ocrx_word' id='word_1_310' title='bbox 1951 4330 2059 4384; x_wconf 90' lang='lat' dir='ltr'>unum</span> 
     </span>
     <span class='ocr_line' id='line_1_31' title="bbox 424 4427 2060 4526; baseline 0 -24"><span class='ocrx_word' id='word_1_311' title='bbox 424 4453 469 4502; x_wconf 83' lang='lat' dir='ltr'>ex</span> <span class='ocrx_word' id='word_1_312' title='bbox 495 4429 541 4503; x_wconf 92' lang='lat' dir='ltr'>iis</span> <span class='ocrx_word' id='word_1_313' title='bbox 566 4429 786 4525; x_wconf 90' lang='lat' dir='ltr'>bipartitum,</span> <span class='ocrx_word' id='word_1_314' title='bbox 814 4450 963 4523; x_wconf 81' lang='lat' dir='ltr'>quorum</span> <span class='ocrx_word' id='word_1_315' title='bbox 989 4428 1153 4524; x_wconf 85' lang='lat' dir='ltr'>qvodqve</span> <span class='ocrx_word' id='word_1_316' title='bbox 1180 4427 1336 4525; x_wconf 84' lang='lat' dir='ltr'>singulis</span> <span class='ocrx_word' id='word_1_317' title='bbox 1363 4429 1408 4505; x_wconf 93' lang='lat' dir='ltr'>de</span> <span class='ocrx_word' id='word_1_318' title='bbox 1433 4428 1549 4503; x_wconf 89' lang='lat' dir='ltr'>tribus</span> <span class='ocrx_word' id='word_1_319' title='bbox 1571 4431 1747 4525; x_wconf 88' lang='lat' dir='ltr'>personis,</span> <span class='ocrx_word' id='word_1_320' title='bbox 1772 4452 1863 4526; x_wconf 88' lang='lat' dir='ltr'>qvae</span> <span class='ocrx_word' id='word_1_321' title='bbox 1881 4428 1966 4503; x_wconf 94' lang='lat' dir='ltr'>nodi</span> <span class='ocrx_word' id='word_1_322' title='bbox 1984 4435 2060 4502; x_wconf 90' lang='lat' dir='ltr'>tan·</span> 
     </span>
     <span class='ocr_line' id='line_1_32' title="bbox 424 4547 2060 4645; baseline 0.001 -24"><span class='ocrx_word' id='word_1_323' title='bbox 424 4549 504 4624; x_wconf 90' lang='lat' dir='ltr'>dem</span> <span class='ocrx_word' id='word_1_324' title='bbox 539 4550 648 4625; x_wconf 92' lang='lat' dir='ltr'>soluti</span> <span class='ocrx_word' id='word_1_325' title='bbox 683 4573 764 4625; x_wconf 91' lang='lat' dir='ltr'>cnm</span> <span class='ocrx_word' id='word_1_326' title='bbox 792 4548 1054 4645; x_wconf 85' lang='lat' dir='ltr'>spectatoribus</span> <span class='ocrx_word' id='word_1_327' title='bbox 1079 4548 1246 4623; x_wconf 86' lang='lat' dir='ltr'>consciae</span> <span class='ocrx_word' id='word_1_328' title='bbox 1271 4547 1372 4639; x_wconf 87' lang='lat' dir='ltr'>finnt,</span> <span class='ocrx_word' id='word_1_329' title='bbox 1400 4548 1604 4623; x_wconf 92' lang='lat' dir='ltr'>mandatnm</span> <span class='ocrx_word' id='word_1_330' title='bbox 1631 4557 1697 4624; x_wconf 85' lang='lat' dir='ltr'>cst.</span> <span class='ocrx_word' id='word_1_331' title='bbox 1751 4549 1809 4624; x_wconf 86' lang='lat' dir='ltr'>En</span> <span class='ocrx_word' id='word_1_332' title='bbox 1836 4548 2060 4624; x_wconf 90' lang='lat' dir='ltr'>concinnitas</span> 
     </span>
     <span class='ocr_line' id='line_1_33' title="bbox 423 4669 714 4745; baseline 0 -3"><span class='ocrx_word' id='word_1_333' title='bbox 423 4669 512 4743; x_wconf 87' lang='lat' dir='ltr'>artis</span> <span class='ocrx_word' id='word_1_334' title='bbox 540 4671 714 4745; x_wconf 88' lang='lat' dir='ltr'>Terentii.</span> 
     </span>
    </p>

    <p class='ocr_par' dir='ltr' id='par_1_7' title="bbox 423 4787 2157 5009">
     <span class='ocr_line' id='line_1_34' title="bbox 525 4787 2059 4890; baseline -0.002 -24"><span class='ocrx_word' id='word_1_335' title='bbox 525 4789 677 4867; x_wconf 81' lang='lat' dir='ltr'>Cantica</span> <span class='ocrx_word' id='word_1_336' title='bbox 708 4789 878 4890; x_wconf 88' lang='lat' dir='ltr'>Hecyrae</span> <span class='ocrx_word' id='word_1_337' title='bbox 904 4787 1236 4866; x_wconf 89' lang='lat' dir='ltr'>interlocutionibus</span> <span class='ocrx_word' id='word_1_338' title='bbox 1263 4795 1395 4862; x_wconf 90' lang='lat' dir='ltr'>carent.</span> <span class='ocrx_word' id='word_1_339' title='bbox 1451 4787 1648 4885; x_wconf 90' lang='lat' dir='ltr'>Propterea</span> <span class='ocrx_word' id='word_1_340' title='bbox 1672 4789 1763 4864; x_wconf 93' lang='lat' dir='ltr'>illud</span> <span class='ocrx_word' id='word_1_341' title='bbox 1791 4813 1811 4863; x_wconf 93' lang='lat' dir='ltr'>e</span> <span class='ocrx_word' id='word_1_342' title='bbox 1837 4789 2059 4886; x_wconf 83' lang='lat' dir='ltr'>praefatione</span> 
     </span>
     <span class='ocr_line' id='line_1_35' title="bbox 423 4905 2157 5009; baseline 0 -25"><span class='ocrx_word' id='word_1_343' title='bbox 423 4911 556 4985; x_wconf 86' lang='lat' dir='ltr'>Donati</span> <span class='ocrx_word' id='word_1_344' title='bbox 591 4934 701 5007; x_wconf 89' lang='lat' dir='ltr'>supra</span> <span class='ocrx_word' id='word_1_345' title='bbox 735 4911 905 5007; x_wconf 91' lang='lat' dir='ltr'>positum:</span> <span class='ocrx_word' id='word_1_346' title='bbox 947 4907 1099 4986; x_wconf 77' lang='lat' dir='ltr'>Castico</span> <span class='ocrx_word' id='word_1_347' title='bbox 1134 4913 1172 4983; x_wconf 82' lang='lat' dir='ltr'>et</span> <span class='ocrx_word' id='word_1_348' title='bbox 1203 4905 1368 4985; x_wconf 80' lang='lat' dir='ltr'>diverbia</span> <span class='ocrx_word' id='word_1_349' title='bbox 1401 4930 1538 4985; x_wconf 83' lang='lat' dir='ltr'>summo</span> <span class='ocrx_word' id='word_1_350' title='bbox 1572 4909 1609 4984; x_wconf 83' lang='lat' dir='ltr'>in</span> <span class='ocrx_word' id='word_1_351' title='bbox 1639 4906 1710 4986; x_wconf 83' lang='lat' dir='ltr'>bac</span> <span class='ocrx_word' id='word_1_352' title='bbox 1730 4910 1865 5006; x_wconf 78' lang='lat' dir='ltr'>farore</span> <span class='ocrx_word' id='word_1_353' title='bbox 1889 4915 2060 5009; x_wconf 78' lang='lat' dir='ltr'>surrepto</span> <span class='ocrx_word' id='word_1_354' title='bbox 2155 4923 2157 4927; x_wconf 74' lang='grc'>’</span> 
     </span>
    </p>
   </div>
   <div class='ocr_carea' id='block_1_7' title="bbox 602 5082 833 5090">
    <p class='ocr_par' dir='ltr' id='par_1_8' title="bbox 602 5082 833 5090">
     <span class='ocr_line' id='line_1_36' title="bbox 602 5082 833 5090; baseline 0.009 -2"><span class='ocrx_word' id='word_1_355' title='bbox 602 5085 606 5088; x_wconf 90' lang='grc'>.</span> <span class='ocrx_word' id='word_1_356' title='bbox 617 5082 833 5090; x_wconf 44' lang='lat' dir='ltr'>..u—*m—</span> 
     </span>
    </p>
   </div>
   <div class='ocr_carea' id='block_1_8' title="bbox 525 5168 967 5246">
    <p class='ocr_par' dir='ltr' id='par_1_9' title="bbox 525 5168 967 5246">
     <span class='ocr_line' id='line_1_37' title="bbox 525 5168 967 5246; baseline -0.005 -16"><span class='ocrx_word' id='word_1_357' title='bbox 525 5169 556 5244; x_wconf 73' lang='lat' dir='ltr'>*l</span> <span class='ocrx_word' id='word_1_358' title='bbox 580 5168 653 5231; x_wconf 78' lang='lat' dir='ltr'>chr.</span> <span class='ocrx_word' id='word_1_359' title='bbox 677 5168 817 5246; x_wconf 82' lang='lat' dir='ltr'>Bensojus</span> <span class='ocrx_word' id='word_1_360' title='bbox 840 5187 868 5245; x_wconf 92' lang='lat' dir='ltr'>p.</span> <span class='ocrx_word' id='word_1_361' title='bbox 896 5171 967 5229; x_wconf 78' lang='lat'>340.</span> 
     </span>
    </p>
   </div>
   <div class='ocr_carea' id='block_1_9' title="bbox 0 0 2368 6264">
    <p class='ocr_par' dir='ltr' id='par_1_10' title="bbox 0 0 2368 6264">
     <span class='ocr_line' id='line_1_38' title="bbox 0 0 2368 6264; baseline 0 0"><span class='ocrx_word' id='word_1_362' title='bbox 0 0 2368 6264; x_wconf 95' lang='lat' dir='ltr'> </span> 
     </span>
    </p>
   </div>
  </div>
 </body>
</html>
