4726 6270
967 531 1170 609 Qeocstiorree
1196 532 1413 599 Terentianae.
1919 537 1959 599 31

365 735 520 832 positum
552 734 659 809 etiam
690 732 913 808 Ritschelius
939 732 1092 828 cogitari
1118 755 1227 829 posse
1253 733 1341 807 dicit
1366 734 1416 830 (p.
1446 733 1546 828 303),
1575 742 1682 830 atqve
1707 735 1774 809 toti
1800 734 2005 810 comoediae

364 856 415 932 ibi
450 854 681 952 praelusisse.
734 854 834 929 Inter
865 853 1054 950 prologum
1087 861 1205 927 autem
1233 861 1269 928 et
1294 854 1447 949 primum
1473 861 1602 943 actum,
1631 855 1692 952 qvi
1719 856 1879 951 protasia
1904 857 2004 930 fabu-

364 976 422 1051 lae
449 976 650 1062 introducit,
678 975 787 1050 tibias
814 997 887 1048 non
913 974 1090 1048 cecinisse
1117 975 1307 1061 credimus,
1343 974 1485 1048 etiamsi
1509 974 1548 1047 in
1575 998 1666 1071 sqq,
1695 998 1786 1072 qvae
1812 977 1904 1050 ratio
1930 977 2004 1051 fue·

365 1098 412 1170 rit
444 1097 538 1171 inter
570 1104 819 1192 argumentum
856 1104 891 1170 et
925 1096 1034 1170 tibias
1069 1095 1285 1184 comoediae,
1314 1095 1351 1169 in
1377 1096 1446 1169 hoc
1473 1118 1613 1192 qvoqve
1640 1105 1722 1170 actu
1750 1097 2001 1192 spectabimus.

467 1217 550 1293 Jam
576 1224 719 1313 tempus
744 1225 800 1292 est
825 1217 871 1290 ad
899 1215 1064 1310 singulas
1091 1215 1253 1290 Terentii
1279 1216 1482 1290 comoedias
1509 1216 1691 1304 accedere,
1720 1225 1770 1307 ut,
1799 1225 1835 1290 ct
1856 1240 1946 1312 qvae
1966 1217 2004 1290 in

364 1339 412 1413 iis
447 1338 519 1412 sint
550 1338 701 1428 cantica,
729 1346 766 1411 11
791 1337 917 1433 quales
943 1337 1054 1410 tibiae
1079 1335 1117 1408 in
1143 1334 1201 1408 his
1227 1336 1361 1411 fabulis
1387 1336 1569 1411 adhibitae
1595 1337 1679 1426 sint,
1709 1360 1899 1432 earumque
1926 1336 2004 1410 tibi·

365 1482 464 1532 arum
490 1458 606 1533 modis
632 1458 808 1555 qvomodo
834 1457 893 1531 vel
920 1456 1062 1530 cantica
1087 1455 1145 1528 rel
1172 1464 1313 1530 actuum
1334 1457 1469 1552 primae
1490 1464 1740 1556 extremaeque
1760 1465 1892 1554 partes,
1914 1478 2004 1554 qvas

365 1580 457 1654 inter
486 1579 595 1654 tibiae
623 1601 751 1653 canere
779 1579 953 1666 solebant,
982 1576 1224 1671 congruerint,
1252 1577 1448 1652 videamus.
1502 1578 1678 1653 Diverbia
1704 1579 1918 1675 singillatim
1945 1600 2005 1650 no

364 1701 519 1775 tabimus
552 1723 624 1773 non
656 1699 770 1774 solum
797 1723 851 1789 ea,
880 1721 971 1794 qvae
997 1697 1138 1771 cantico
1165 1706 1248 1770 suut
1274 1697 1497 1794 interposita,
1526 1699 1590 1773 sed
1618 1700 1726 1774 etiam
1753 1701 1785 1773 si
1812 1721 1904 1794 qvae
1930 1697 2004 1772 lon·

363 1820 467 1916 giora
502 1828 538 1894 et
571 1821 764 1917 separatim
791 1845 814 1894 a
840 1819 990 1893 canticis
1017 1818 1193 1892 collocata
1220 1817 1265 1891 ad
1291 1818 1400 1892 tibias
1426 1819 1609 1893 modulata
1633 1820 1748 1895 fuisse
1775 1819 2003 1906 videbuntur,

363 1964 574 2036 quemqnam
600 1941 640 2015 iu
664 1941 734 2016 hoc
760 1941 957 2037 posteriore
984 1961 1118 2032 genere
1146 1945 1182 2011 et
1200 1938 1370 2012 incertior
1387 1963 1502 2035 neqve
1523 1939 1666 2035 expleta
1686 1940 1904 2015 enumeratio
1924 1939 2003 2012 erit.

363 2062 405 2135 ln
424 2062 558 2136 fabulis
578 2062 840 2158 perlustrandis
859 2084 939 2136 eum
960 2082 1149 2156 sequemur
1168 2058 1339 2147 ordinem,
1359 2081 1429 2154 qvo
1448 2059 1652 2154 disquisitio
1671 2060 1804 2156 optime
1823 2059 2001 2158 procedet.

464 2182 494 2256 I.
535 2182 593 2257 Ab
621 2183 829 2280 Adelphis
855 2182 967 2278 igitur
993 2180 1203 2255 ordiendum
1230 2188 1296 2252 est.
1339 2178 1409 2254 Cui
1437 2180 1641 2254 comoediae
1662 2179 1859 2254 didascalia
1877 2180 1915 2252 in
1934 2202 2005 2252 om·

363 2302 469 2376 nibus
495 2302 599 2376 libris
626 2326 733 2376 manu
759 2302 905 2398 scriptis
932 2299 1174 2389 Terentianis,
1202 2321 1281 2374 non·
1300 2299 1420 2374 minus
1440 2299 1476 2372 in
1497 2300 1620 2375 codice
1641 2300 1827 2389 Bembina,
1848 2300 2003 2373 omnium

362 2423 471 2517 longe
497 2423 755 2513 vetustissimo,
784 2446 888 2519 qvam
915 2422 953 2495 iu
979 2420 1121 2511 ceteris,
1150 2419 1395 2493 recensionem
1422 2415 2003 2518 0111111111111111,110111811-

363 2564 477 2616 ranas
503 2542 637 2616 tribuit.
693 2542 858 2617 Bembini
883 2542 994 2615 verba
1020 2548 1119 2615 sunt:
1157 2541 1287 2634 „Tibis
1316 2538 1482 2614 Serranis
1510 2545 1610 2614 1111ιι
1624 2541 1670 2634 1).
1727 2542 1777 2614 Α1
1802 2541 1839 2614 in
1866 2538 2003 2635 praefa-

362 2663 460 2737 tione
494 2663 603 2760 hujus
635 2664 779 2738 fabulae
805 2664 970 2737 Donatus
997 2661 1086 2736 haee
1111 2660 1235 2735 habet:
1274 2657 1467 2736 Modolata
1494 2667 1551 2735 est
1575 2666 1692 2736 actem
1721 2659 1821 2736 tibiis
1848 2658 2003 2748 deeris,

364 2781 407 2855 id
439 2789 497 2857 cst
528 2781 676 2882 Lpdiis,
712 2780 759 2859 ob
789 2781 925 2857 seriam
950 2781 1178 2880 pravitatem,
1205 2803 1274 2879 qva
1295 2781 1384 2876 scre
1410 2780 1447 2855 in
1475 2779 1640 2857 omnibus
1666 2778 1866 2856 comoediis
1892 2779 2004 2854 111111
2125 2832 2128 2838 -

362 2899 424 2978 liic
449 2908 576 3002 poeta.
631 2899 753 3002 Saepe
787 2907 904 2976 tamen
939 2901 1085 2977 mutatis
1109 2923 1184 3001 per
1218 2923 1362 2976 scenam
1398 2899 1516 2976 modis
1549 2901 1883 2977 contramutavi:
1910 2895 2007 2998 qaod

362 3021 551 3119 sipaificat
581 3022 706 3096 titulus
730 3043 878 3113 scenae,
903 3018 1043 3096 babens
1068 3019 1255 3118 subjectas
1275 3020 1448 3120 personis
1475 3020 1617 3096 litteras
1644 3019 1698 3097 M.
1728 3017 1781 3096 M.
1816 3017 1853 3097 C.
1909 3017 2003 3094 Item

363 3140 530 3217 diverbia
565 3140 612 3217 ab
646 3138 886 3216 histrionibus
921 3139 1051 3216 crebro
1075 3141 1317 3242 pronuntiata
1349 3148 1445 3233 sant,
1480 3165 1571 3239 porte
1604 3141 1860 3241 siprificanttrr
1891 3137 1939 3215 D.
1969 3145 2007 3214 et

365 3257 419 3335 M.
446 3261 578 3336 litteris
603 3260 800 3337 secundum
817 3284 1063 3362 personarum
1090 3260 1236 3336 aomina
1253 3261 1502 3362 praescriptis
1529 3263 1566 3338 in
1594 3286 1637 3338 co
1664 3263 1757 3355 loco,
1788 3260 1851 3338 ahi
1877 3256 2009 3359 incipit

362 3380 556 3475 11111111).
610 3380 711 3471 Qvac
745 3382 857 3455 verba
890 3381 1074 3455 attulimus
1105 3382 1181 3477 jam
1215 3380 1276 3455 hic
1310 3383 1440 3472 omnia,
1476 3383 1560 3479 qvia
1585 3383 1692 3458 etiam
1719 3405 1775 3475 ea,
1802 3405 1893 3478 qvae
1921 3387 2005 3454 sunt

363 3501 401 3574 iu
427 3509 585 3576 extremo
612 3502 657 3575 de
685 3502 856 3577 diverhiis
883 3503 928 3576 ab
954 3501 1189 3576 histrionibus
1216 3503 1466 3598 pronuntiatis,
1488 3527 1559 3577 non
1579 3504 1714 3579 nullius
1730 3504 1901 3579 momenti
1921 3513 2004 3577 sunt

362 3621 400 3695 iu
427 3623 635 3717 quaestione
663 3623 706 3697 de
733 3623 830 3698 tibiis
858 3632 893 3697 et
920 3622 1070 3697 canticis
1097 3624 1258 3697 Terentii
1285 3647 1352 3698 nec
1377 3647 1545 3722 umqvam
1571 3625 1756 3699 intellecta
1779 3648 1860 3700 esse
1881 3624 2002 3697 viden·

363 3749 430 3815 tur.
486 3741 689 3839 Superiora,
725 3767 817 3839 qvae
852 3744 897 3817 ad
923 3743 1049 3817 modos
1076 3743 1295 3817 canticorum
1321 3751 1477 3819 mutatos
1504 3745 1667 3835 attinent,
1696 3769 1741 3820 ne
1768 3745 1833 3820 illa
1859 3743 2001 3842 qvidem

362 3863 453 3936 satis
488 3863 605 3938 adhuc
639 3864 836 3955 enucleata,
872 3887 944 3938 non
978 3872 1075 3938 recte
1111 3864 1138 3936 ii
1172 3872 1353 3959 ceperunt,
1387 3866 1458 3961 qvi,
1486 3873 1527 3941 ut
1554 3865 1754 3941 Salmasius
1782 3867 1841 3963 (ad
1870 3864 2000 3961 Script.

362 3982 446 4056 hist.
475 3983 628 4078 August.
657 4006 692 4079 p.
722 3985 812 4079 105)
839 3992 875 4057 et
902 3983 1109 4058 Boeckhius
1136 3984 1281 4080 (Annal.
1310 3984 1477 4059 Heidelb.
1505 3985 1530 4058 l.
1559 4008 1589 4059 c.
1618 4009 1653 4082 p.
1687 3989 1784 4081 169),
1815 3984 2003 4060 demodis

362 4102 515 4176 diversis
543 4103 763 4178 diversarum
789 4103 957 4179 tibiarum
982 4103 1077 4179 inter
1103 4127 1143 4177 se
1169 4104 1208 4176 in
1235 4102 1359 4177 eadem
1385 4105 1570 4178 comoedia
1596 4105 1860 4178 succedentium
1883 4105 2002 4178 Dona·

362 4230 436 4295 tum
463 4223 562 4319 loqvi
588 4224 819 4297 arbitrantur:
849 4224 953 4324 qvasi
981 4246 1065 4298 vero
1093 4223 1193 4298 nulla
1218 4224 1374 4298 varietas
1400 4225 1585 4299 modorum
1612 4225 1651 4299 in
1678 4226 1804 4300 iisdem
1829 4226 1928 4299 tibiis
1951 4225 2003 4298 fu·

464 4464 498 4542 *)
521 4464 595 4525 (1111.
619 4464 787 4542 Geppertus
810 4466 828 4524 l.
852 4484 878 4525 c.
901 4484 931 4542 p.
956 4469 1017 4526 569
1041 4483 1118 4541 sqq..
1143 4466 1193 4542 qvi
1216 4466 1254 4526 ad
1277 4465 1456 4527 didascalica
1478 4467 1611 4528 Terentii
1634 4466 1832 4527 recensendas
1855 4467 2002 4527 4501111

362 4565 489 4641 scriptos
511 4568 670 4627 consuluit.

463 4685 512 4765 11)
542 4687 590 4746 nd
619 4704 737 4746 manum
766 4686 836 4749 mihi
866 4687 939 4748 haec
968 4688 1109 4749 scribenti
1139 4689 1260 4751 suerunt
1282 4691 1427 4752 editiones
1450 4692 1583 4752 Terentii
1605 4710 1671 4752 cum
1692 4691 1929 4769 praefationibus
1952 4692 2001 4752 vel

360 4790 542 4863 argumentis
565 4794 595 4849 et
615 4791 833 4851 commentariis
855 4793 965 4853 Donati
988 4792 1198 4853 Schreveliana
1220 4794 1335 4874 (bugd.
1359 4796 1516 4855 8111111
1540 4795 1678 4856 noteron.
1706 4798 1800 4868 1069)
1823 4801 1854 4855 11
1868 4795 2002 4854 Wester-

360 4890 498 4962 hoviaua,
530 4909 617 4967 qvem
647 4892 856 4953 Stallbanmins
886 4896 1002 4955 curavit
1031 4895 1127 4972 (Lips.
1160 4899 1241 4957 1830
1269 4902 1330 4973 sq.)
1357 4903 1448 4974 atqve
1471 4899 1631 4959 Klotziaua
1651 4897 1749 4975 (Lips.
1776 4901 1867 4966 1838,
1894 4900 2004 4972 1840),

361 5009 485 5068 quarum
515 4993 597 5064 haec,
628 4994 794 5070 repudiatis
824 4997 920 5058 tribus
948 4998 1007 5058 illis
1036 4999 1218 5076 compendiis
1240 5000 1283 5060 M.
1306 5001 1349 5060 M.
1376 5000 1417 5066 C..
1449 5019 1525 5077 qvae
1547 5008 1578 5062 ct
1599 5003 1655 5062 1111
1676 5009 1707 5063 11
1728 5002 1881 5078 superiora
1904 5006 2002 5060 aetate

360 5112 461 5156 omnes
482 5097 513 5156 iu
536 5096 614 5155 hunc
636 5097 732 5157 locum
755 5099 938 5174 iuqvirentes
961 5101 1025 5160 sine
1047 5102 1108 5161 ulla
1130 5101 1317 5163 dubitatione
1338 5103 1500 5180 protulisse
1522 5104 1619 5173 video.
1642 5104 1766 5164 recurrit
1788 5123 1848 5164 non
1871 5102 1946 5164 bene
1962 5103 2001 5164 ad

359 5197 522 5260 editionum
545 5197 668 5258 duarum
691 5200 957 5264 vetustissimarum
980 5203 1157 5281 scripturam
1181 5207 1212 5266 d.
1235 5222 1272 5265 m.
1297 5223 1322 5266 e.
1344 5223 1380 5276 1.,
1403 5223 1481 5282 qvae
1503 5207 1646 5267 mendosa
1665 5208 1705 5268 sit
1726 5223 1846 5269 11111111
1869 5213 1925 5267 est.
