4726 6270
916 548 1119 627 Qoaartr'mraa
1145 550 1361 617 Terentianae.
1869 551 1909 615 69

318 754 405 829 tudo
436 761 503 843 est,
536 750 752 847 comparatis
778 749 920 826 omniuo
947 747 1069 825 videre
1095 749 1181 825 licet
1206 749 1316 825 moris
1340 748 1467 838 fuisse,
1494 755 1535 823 ut
1560 747 1721 822 consiliis
1747 746 1890 822 callidis
1915 755 1953 823 et

280 924 286 935 ·
319 872 510 970 impavidis
544 893 740 960 servorum,
775 870 870 944 unde
903 892 1071 966 magnam
1105 876 1243 966 partem
1277 868 1334 943 vis
1368 869 1505 943 comica
1537 868 1737 943 fabularum
1768 867 1951 964 pependit,

318 993 429 1068 tibiae
463 1014 569 1088 pares
604 990 752 1065 dextrae
786 988 936 1064 comites
970 989 1150 1064 darentur.
1189 1031 1234 1044 -
1271 987 1424 1065 Cantica
1457 989 1574 1064 adhuc
1608 996 1813 1064 enumerata
1845 988 1951 1064 nobis

319 1113 461 1209 qvidem
499 1111 666 1186 videntur
704 1109 795 1184 nihil
829 1109 961 1186 habere
996 1109 1239 1185 dubitationis.
1300 1108 1422 1183 Minus
1455 1109 1610 1183 fortasse
1645 1116 1743 1183 certa
1778 1108 1950 1205 qvaedam

318 1233 392 1306 alia
416 1231 610 1306 lectoribus
636 1230 862 1305 videbuntur.
916 1227 998 1321 Qvo
1023 1231 1179 1326 pertinet
1203 1229 1272 1304 hoc
1297 1228 1437 1304 initium
1463 1251 1592 1303 scenae
1620 1235 1642 1306 2
1669 1237 1771 1305 actus
1799 1234 1820 1305 3
1847 1232 1896 1327 (v.
1923 1231 1950 1303 f.

321 1356 393 1429 338
421 1352 533 1449 sqq.):

318 1520 400 1598 DA.
450 1517 502 1597 Dr'
525 1519 623 1614 boni,
649 1517 736 1597 boni
759 1517 851 1619 quid
865 1522 1001 1621 porto!
1025 1518 1097 1597 aad
1120 1518 1183 1597 abi
1209 1519 1392 1597 inueniam
1418 1499 1661 1621 Pamphilam,

454 1626 498 1737 dt
520 1663 650 1734 metam
676 1656 713 1733 in
740 1679 811 1756 qao
836 1659 933 1732 aalma
958 1656 1196 1733 assummum
1222 1663 1331 1756 atque
1357 1658 1525 1757 e'apleam
1552 1657 1708 1733 animam
1731 1655 1897 1756 paridio?

319 1777 399 1855 CH.
447 1776 587 1855 Luctus
613 1783 671 1854 est
693 1777 817 1854 acacia
843 1775 943 1876 qaid.
983 1777 1060 1852 PA.
1100 1775 1170 1853 Nil
1192 1782 1265 1853 aar:
1290 1779 1362 1853 no‘a
1389 1776 1472 1852 dam
1498 1775 1591 1853 haec
1615 1777 1767 1853 rescidit
1789 1778 1896 1854 mala.

317 1898 399 1974 DA.
449 1895 563 1990 Quam
588 1900 659 1997 a'pa
685 1920 780 1973 nana
806 1896 931 1991 credo,
956 1897 993 1972 sr‘
1016 1897 1088 1973 iam
1114 1895 1277 1973 audierit
1298 1896 1370 1973 aar·
1390 1904 1547 1998 paratas
1572 1897 1730 1998 caplim,

318 2016 399 2094 CH.
444 2016 567 2095 audin
594 2023 632 2093 ta
658 2017 783 2095 illam?
821 2018 903 2094 DA.
945 2018 1018 2094 to'to
1045 2041 1102 2093 me
1128 2014 1261 2118 oppido
1288 2016 1534 2092 exanimatam
1561 2019 1754 2116 quadrare.

445 2134 526 2214 Se'd
555 2136 618 2213 abi
648 2160 822 2237 quaeram
855 2141 921 2214 aul
948 2138 1021 2236 qao'
1050 2159 1145 2212 narra
1166 2136 1326 2238 primam
1354 2134 1563 2213 intendam?
1600 2137 1680 2213 CH.
1727 2134 1860 2213 Cessas
1886 2135 1949 2211 ad·

1541 2256 1666 2356 loqui?

317 2377 398 2452 DA.
445 2374 589 2455 Habea.
630 2377 707 2452 PA.
749 2373 1169 2470 bacaudarum.
1208 2377 1291 2453 ΒΑ.
1333 2372 1425 2469 Orat
1456 2373 1608 2469 homost,
1643 2377 1707 2475 qai
1738 2400 1825 2452 ma.
1853 2376 1892 2449 ..1
1927 2398 1948 2451 o

1538 2494 1745 2597 Pamphila,

444 2615 495 2693 Ta
520 2618 635 2719 msam
661 2639 812 2717 quaero.
839 2619 958 2716 capae
988 2612 1163 2693 Charine:
1190 2613 1294 2693 ambo
1321 2617 1538 2717 apportem:
1565 2619 1631 2694 aar
1657 2617 1721 2693 aol
1748 2674 1756 2689 .

316 2790 454 2879 Davus,
490 2790 632 2864 domum
665 2812 866 2882 recurrens,
902 2812 943 2864 se
972 2789 1049 2885 jam
1083 2789 1180 2864 omni
1211 2788 1377 2863 molestia
1406 2789 1562 2863 animum
1587 2787 1768 2884 Pamphili
1794 2787 1948 2862 liberare

314 2933 423 3007 posse
448 2911 599 3001 nuntiat,
626 2911 689 2985 ille
715 2919 845 3002 autem,
873 2910 944 2986 etsi
967 2910 1093 3007 procul
1119 2909 1367 2983 advenientem
1383 2910 1460 3004 jam
1478 2909 1671 2984 antevidit
1688 2909 1767 3005 (cfr.
1790 2930 1823 2980 v.
1844 2907 1945 3003 335),

315 3032 426 3106 verba
460 3030 539 3125 eJus
575 3031 745 3106 exaudire
779 3053 851 3105 non
884 3031 1002 3127 magis
1036 3035 1166 3126 potest,
1203 3050 1308 3123 qvam
1334 3026 1527 3119 Charinus,
1555 3028 1638 3104 dum
1665 3027 1724 3101 hic
1749 3026 1836 3100 laeti
1862 3026 1946 3122 qvid

316 3151 481 3226 evenisse
507 3150 612 3224 modo
639 3173 660 3224 e
685 3158 792 3246 gestu
818 3151 916 3225 servi
941 3151 1119 3246 conjectat
1144 3151 1193 3245 (v.
1223 3150 1328 3243 34θ);
1357 3170 1400 3222 ac
1425 3156 1500 3223 tum
1526 3148 1678 3239 demum,
1700 3171 1779 3221 cum
1799 3147 1948 3243 propius

314 3268 441 3344 Davus
472 3271 583 3360 venit,
614 3314 658 3325 -
687 3271 791 3366 cujus
817 3270 970 3344 orationi
994 3277 1035 3345 ut
1059 3271 1098 3345 in
1123 3270 1241 3344 media
1266 3269 1445 3344 sententia
1470 3292 1588 3343 sermo
1613 3270 1753 3343 alienus
1779 3267 1947 3362 interjici-

314 3397 405 3480 atur‚
442 3412 485 3465 eo
519 3391 570 3479 fit,
607 3390 702 3486 qvod
737 3412 864 3465 servus
899 3411 993 3465 nunc
1025 3412 1168 3464 cursum
1197 3390 1434 3487 perseqvitur,
1462 3413 1558 3464 nunc
1583 3389 1750 3464 subsistit
1774 3396 1811 3463 et
1836 3388 1947 3461 verba

313 3509 401 3583 facit
435 3509 493 3584 vel
527 3510 647 3606 potius
681 3510 885 3607 loqvcntem
911 3516 1018 3606 gestu
1044 3510 1131 3605 agit,
1162 3551 1204 3562 -
1235 3532 1276 3584 se
1301 3509 1438 3604 aliqvid
1463 3508 1586 3584 audire
1613 3505 1796 3604 significat
1821 3505 1946 3583 Chari·

314 3651 381 3702 nus
408 3630 457 3725 (v.
488 3631 588 3726 342).
642 3630 743 3704 Haec
769 3630 951 3705 simillima
977 3637 1061 3704 sunt
1086 3651 1217 3719 eoram,
1245 3652 1337 3724 qvae
1363 3652 1472 3725 supra
1497 3631 1547 3725 (p.
1572 3635 1617 3705 54
1640 3637 1676 3702 et
1696 3628 1760 3724 57)
1779 3628 1817 3700 in
1837 3626 1945 3700 canti·

314 3749 368 3822 cis
400 3749 527 3846 primis
561 3749 788 3825 Phormionis
821 3751 871 3844 (v.
903 3750 929 3824 f.
962 3753 1175 3844 rra-192)
1201 3756 1238 3824 et
1262 3749 1508 3846 Adelphorum
1535 3751 1583 3847 (v.
1611 3750 1637 3823 f.
1666 3749 1946 3844 299—319)et

313 3867 352 3941 in
387 3869 510 3965 qvinto
544 3869 770 3945 Phormionis
804 3872 853 3967 (v.
881 3871 907 3943 i.
936 3869 1152 3966 arr—851)
1177 3869 1425 3961 indicavimus,
1462 3870 1500 3945 in
1526 3870 1655 3966 qvibus
1681 3869 1813 3943 cantici
1839 3867 1946 3963 signa

312 3990 464 4063 actionis
490 4013 624 4085 genere
651 4013 825 4087 expressa
849 3997 1088 4065 cernerentur.
1142 3989 1261 4087 Atqve
1286 3988 1352 4063 illa
1376 3991 1638 4086 argumentatio
1663 3988 1732 4063 hoo
1751 3988 1831 4062 loco
1850 3986 1943 4061 idem

311 4110 424 4198 valet3
451 4109 515 4184 sed
542 4117 661 4186 tamen
687 4133 827 4185 summa
851 4133 984 4201 eorum,
1012 4132 1104 4205 qvae
1129 4131 1251 4184 secum
1276 4109 1355 4206 agit
1380 4109 1517 4199 Davus,
1545 4109 1704 4183 brevitas
1731 4108 1874 4183 obstare
1895 4108 1944 4181 vi·

312 4228 464 4321 deretur,
501 4231 690 4327 qvomious
722 4255 766 4306 ea
789 4253 855 4328 pro
882 4231 1021 4305 cantico
1047 4228 1273 4320 haberentur,
1300 4230 1511 4325 praesertim
1537 4252 1617 4303 cum
1643 4228 1833 4303 admodum
1860 4227 1945 4302 vici·

311 4372 395 4423 num
421 4350 460 4424 in
486 4349 610 4424 eodem
637 4358 719 4425 actu
745 4350 851 4425 tertio
876 4348 975 4423 aliud
1001 4349 1177 4423 canticum
1203 4371 1275 4423 non
1301 4350 1359 4440 sit,
1393 4349 1465 4424 nisi
1490 4349 1597 4444 hujus
1622 4349 1811 4424 brevitatis
1836 4347 1947 4422 aliam

311 4470 487 4565 qvandam
513 4470 698 4561 rationem,
726 4469 867 4566 qvalem
894 4468 1001 4543 etiam
1027 4468 1065 4542 in
1091 4469 1334 4565 superioribus
1361 4469 1584 4566 agnovimus,
1614 4469 1738 4544 eadem
1762 4490 1881 4558 scena,
1905 4474 1946 4542 ut

309 4596 487 4685 putamus,
521 4590 698 4665 redderet.
752 4589 878 4664 Fuerit
904 4588 997 4664 enim
1026 4630 1071 4642 —
1101 4589 1155 4663 sic
1180 4590 1367 4686 opinamur
1395 4631 1439 4644 —
1469 4590 1646 4664 cauticum
1672 4610 1840 4665 versuum
1866 4609 1944 4684 per·

308 4731 514 4804 paucorum,
541 4709 647 4784 modo
672 4731 717 4784 ne
743 4709 801 4783 his
827 4716 964 4783 tantum
989 4707 1156 4783 versrbus
1182 4710 1260 4805 ejus
1286 4718 1414 4785 cantas
1439 4710 1606 4785 tibiarum
1633 4732 1677 4783 ea
1702 4709 1740 4784 in
1765 4708 1942 4805 parreia

307 4827 413 4902 bulae
444 4829 596 4903 affuerit.
649 4826 705 4903 Ac
734 4828 880 4903 minime
905 4828 1096 4904 absurdum
1123 4836 1180 4903 est
1204 4831 1383 4926 conjicere
1408 4830 1516 4905 tibias
1543 4830 1649 4904 etiam
1676 4829 1852 4903 cecinisse
1878 4848 1951 4922 per

307 4947 481 5043 reliqvam
514 4955 653 5044 partem
686 4948 795 5044 hujus
830 4971 971 5039 scenae,
1007 4949 1045 5023 in
1079 4972 1150 5045 qva
1184 4950 1399 5047 colloqvium
1425 4950 1572 5026 duorum
1598 4948 1879 5025 adolescentium
1906 4954 1946 5021 ct

308 5066 416 5157 servi,
452 5068 547 5163 qvod
581 5091 715 5166 paucos
750 5068 881 5144 cantici
913 5091 1041 5144 versus
1067 5070 1238 5166 seqvitur,
1273 5071 1424 5146 incitata
1456 5072 1652 5146 animorum
1687 5069 1872 5144 alacritate
1905 5077 1942 5143 et

307 5186 345 5261 vi
371 5185 513 5261 mimica
538 5188 713 5264 sermonis
738 5189 784 5263 ab
810 5188 884 5262 alia
908 5211 1064 5286 persona
1088 5189 1136 5264 ad
1160 5190 1267 5263 aham
1292 5199 1376 5287 post
1401 5191 1558 5266 breviter
1580 5192 1679 5266 dicta
1698 5211 1807 5286 saepe
1828 5196 1942 5265 trans.-
