4740 6270
953 362 1160 443 mmmm
1183 360 1402 431 remmom
1910 366 1953 431 ΒΒ

490 564 602 647 Alte
634 566 720 647 line
752 564 885 665 clipeo.
924 561 1003 643 ct.
1048 558 1126 655 ooo
1159 582 1230 661 epo
1254 557 1341 639 lece
1365 557 1519 696 oleam?
1557 558 1632 638 ΒΥ.
1674 556 1752 653 Qvo‘
1776 558 1919 639 lubeat·
1945 560 1996 641 dc

362 806 440 887 ct.
490 804 584 885 No'n
618 802 821 883 accedam
856 802 914 882 cd
944 802 1071 881 illos?
1109 799 1183 879 SY.
1223 796 1316 879 Illo
1346 679 1639 901 ᾳέξῗεέῗοῖιῃνιια
1664 800 1903 879 accedendi
1927 805 1995 881 oie

491 1044 565 1124 Aba·
590 1042 864 1122 dementatum.
904 1040 980 1121 GL.
1021 1036 1311 1134 Deambulatum,
1336 921 1539 1140 pegasi
1585 1036 1675 1136 Vae,
1701 1042 1805 1141 qocsi
1830 1039 1923 1120 destt
1946 1045 1994 1121 lo·

492 1284 565 1363 Abi
588 1294 678 1363 scee
704 1284 811 1378 istoc,
837 1283 1016 1375 istorscm,
1042 1278 1175 1379 poeuis.
1216 1277 1297 1355 CH.
1338 1182 1460 1357 Rgeutse
1481 1278 1584 1374 dicit,
1609 1282 1753 1358 censeo.

365 1406 442 1485 GL.
495 1402 549 1483 Di
574 1413 610 1482 te
635 1402 839 1496 c'rcdieent,
864 1408 921 1503 qul
945 1423 1002 1478 me
1026 1397 1112 1476 hine
1137 1394 1314 1491 extrudis,
1339 1395 1445 1499 Syre.

368 1524 442 1604 SY.
494 1523 545 1602 At
568 1527 606 1601 tsi
627 1524 698 1626 pol
720 1521 788 1600 eoi
813 1522 905 1599 istas
920 1517 1078 1624 posthac
1104 1516 1324 1619 comprimito
1348 1540 1487 1595 merrus.

367 1698 603 1798 Septenarius
632 1698 838 1777 trochaicus
870 1695 978 1773 ctiam
1002 1693 1090 1769 olibi
1115 1692 1154 1767 in
1179 1690 1249 1765 hac
1273 1689 1398 1765 mdem
1424 1712 1534 1767 scena
1558 1690 1652 1766 inter
1677 1692 1769 1767 elios
1796 1716 1924 1769 versus
1948 1696 1999 1770 in·

326 1848 329 1853 ·
366 1821 540 1917 terjcctus
572 1825 640 1894 est.
691 1817 788 1893 Illud
821 1824 942 1891 sutem
976 1813 1039 1890 vix
1072 1833 1164 1909 opus
1198 1817 1256 1886 est
1290 1810 1373 1902 dici,
1407 1810 1684 1903 adolescentem,
1720 1834 1801 1887 oum
1825 1814 1864 1889 in
1889 1815 1999 1891 sedes

367 1940 467 2015 abire
501 1945 661 2027 conetur,
697 1961 721 2011 a
755 1935 849 2035 Syro
882 1932 1109 2030 interrogari,
1135 1952 1220 2006 num
1244 1937 1387 2028 praetor
1412 1953 1456 2007 eo
1481 1931 1677 2007 secedendi
1701 1932 1798 2007 mom
1823 1934 1923 2011 nullu
1948 1936 1999 2012 ibi

365 2060 425 2149 sit,
460 2065 498 2134 et
528 2079 601 2133 uon
632 2055 738 2131 modo
763 2054 885 2132 verbis
910 2052 1020 2144 servi,
1047 2052 1113 2127 sed
1139 2051 1247 2126 etium
1271 2073 1379 2126 manu
1404 2051 1543 2149 repelli,
1571 2052 1685 2128 donec
1710 2053 1860 2150 imperio
1885 2059 2000 2152 putris

365 2178 463 2257 filius
488 2175 635 2253 obedire
659 2173 812 2271 cogitur.

467 2298 512 2373 In
536 2295 680 2395 prologi
704 2292 933 2370 Phormiouis
954 2291 1074 2389 priore
1095 2297 1197 2387 purte
1214 2291 1445 2367 obtrectatori
1462 2314 1528 2368 suo
1544 2292 1678 2368 Luscio
1695 2292 1847 2369 Lavinio
1865 2296 1999 2371 Tereu-

366 2419 451 2510 tius,
470 2425 511 2493 ut
527 2417 631 2507 solet,
648 2415 752 2514 puris
767 2414 888 2489 refert.
928 2412 1070 2488 Versus
1091 2416 1235 2489 18-21
1258 2411 1313 2487 sic
1331 2419 1415 2487 sunt
1431 2412 1527 2509 opud
1540 2412 1816 2491 Fleckeisenum
1835 2422 1872 2490 ct
1889 2417 1997 2491 alios:

673 2583 747 2663 Ille
772 2584 823 2661 cd
840 2584 978 2682 semem
1004 2579 1099 2661 lunc
1125 2581 1173 2660 cl
1196 2580 1319 2659 studio
1343 2581 1485 2660 studuit
1506 2590 1663 2661 reicere:

673 2704 749 2783 Hie
773 2702 1000 2806 respondere
1025 2702 1144 2796 coluit,
1169 2724 1242 2781 non
1268 2702 1465 2780 lacessere.

674 2821 887 2903 Benedictis
912 2824 948 2901 si
973 2829 1159 2916 certasset,
1186 2820 1354 2900 cudmse't
1376 2822 1485 2901 bene:

677 2940 783 3037 Orod
805 2943 853 3022 cb
878 2944 940 3021 eto
967 2941 1174 3038 adlatumst,
1199 2941 1240 3018 ol
1261 2942 1335 3021 stoi
1359 2944 1527 3020 rellatum
1543 2951 1660 3045 putet.

370 3122 453 3195 Non
485 3119 560 3193 vidi
590 3140 800 3215 qvemqvam
827 3115 1020 3191 offendisse
1046 3115 1171 3190 horum
1196 3139 1362 3191 versuum
1389 3118 1563 3205 ordinem;
1592 3118 1657 3193 sed
1682 3121 1811 3195 tertius
1839 3130 1874 3195 et
1900 3144 2000 3217 qvar-

369 3250 429 3315 tos
454 3240 579 3315 nescio
604 3261 651 3313 an
677 3246 795 3313 errato
820 3236 1010 3312 veterrimo
1035 3236 1136 3312 locos
1162 3237 1256 3311 inter
1282 3260 1322 3312 se
1348 3239 1637 3335 permutaverint.
1692 3239 1835 3315 Etenim
1861 3242 2000 3327 tertius,

371 3382 452 3435 cum
486 3359 566 3456 ipse
600 3357 880 3434 demonstrativo
914 3364 1046 3447 careat,
1082 3378 1155 3431 uon
1185 3357 1275 3431 cutis
1301 3358 1392 3432 bene
1418 3358 1649 3456 consequitur
1674 3381 1756 3433 eum
1782 3382 1936 3449 versum,
1964 3362 2001 3433 in

371 3500 443 3577 qvo
467 3475 529 3553 lic
553 3499 748 3576 pronomen
773 3476 820 3551 od
846 3476 1010 3552 Terentii
1035 3483 1176 3573 spectat
1200 3499 1405 3573 personam
1433 3485 1470 3552 et
1492 3486 1628 3574 qvorto,
1650 3477 1771 3552 adlata
1787 3478 1902 3553 reluta
1919 3502 2000 3555 esse

371 3596 591 3687 memoranti,
627 3605 713 3694 apta
747 3595 853 3671 sedes
886 3596 955 3670 erit
987 3597 1149 3693 proxima
1178 3597 1224 3672 ab
1250 3595 1326 3687 illo,
1352 3597 1390 3671 in
1416 3618 1487 3694 qvo
1512 3597 1706 3672 Terentius
1732 3597 1922 3674 lacessitus
1949 3623 2001 3674 re-

371 3716 563 3815 spondisse
589 3716 731 3792 dicitnr.
772 3715 904 3790 Melius
930 3737 1019 3812 ergo
1045 3724 1082 3791 ct
1106 3740 1129 3789 a
1153 3725 1270 3813 poete,
1298 3716 1370 3791 nisi
1395 3716 1487 3792 torte
1512 3718 1593 3814 ipse
1619 3718 1864 3815 negligentius
1891 3720 2001 3815 scrip·

371 3839 431 3928 eit,
458 3839 657 3934 profectum
682 3836 751 3911 hoc
777 3844 847 3910 est:

680 3987 787 4083 Quod
809 3988 856 4066 eb
882 3990 943 4066 illo
970 3987 1177 4083 cdlctcmst,
1203 3989 1244 4066 td
1266 3990 1340 4068 sibi
1364 3991 1531 4067 rellatum
1551 3998 1672 4091 potet:

679 4107 890 4188 Benedictis
914 4108 950 4186 si
975 4116 1160 4203 eerttssct,
1186 4108 1354 4187 cuderet
1376 4109 1478 4188 benc.

1162 4351 1211 4425 X.

950 4487 1267 4564 Heautontim.
1295 4511 1330 4561 v.
1361 4492 1419 4565 32.

474 4643 679 4719 Periculum
709 4640 841 4717 faciam
873 4640 993 4716 mendi
1019 4641 1218 4739 pervetusti
1243 4640 1296 4715 its
1320 4639 1535 4738 corrigendi,
1562 4649 1602 4717 ut
1627 4652 1772 4739 recepte
1796 4641 2004 4739 conjeoorra

371 4764 541 4859 Bentleji‚
568 4786 659 4860 qvae
685 4762 789 4839 ulcus
813 4762 922 4860 hujus
947 4784 1075 4838 versus
1100 4784 1172 4837 non
1197 4767 1312 4854 sonat,
1341 4760 1406 4834 scd
1426 4761 1576 4837 cunundi
1594 4760 1690 4835 viam
1708 4761 1891 4859 praeclare
1909 4762 2001 4852 iniit,

372 4892 558 4981 praeterea
590 4880 844 4958 elementorum
870 4880 944 4956 levi
968 4880 1162 4957 mutatione
1188 4880 1296 4956 uliam
1322 4880 1535 4956 sententiam
1561 4888 1598 4955 et
1621 4880 1703 4957 loco
1729 4880 2002 4958 commodiorem

372 5002 570 5080 exhibeam.
624 5002 736 5079 Actor
768 5002 923 5099 prologi,
950 5024 1096 5077 coucam
1120 5007 1249 5098 poetae
1274 5009 1399 5078 contra
1424 5000 1606 5077 inimicum
1631 5000 1822 5077 Lavinium
1847 5009 1885 5077 ct
1909 5002 2002 5077 alios

1810 5133 1848 5191 rr
