4740 6270
931 507 1133 587 avaram
1158 509 1377 576 Terentianae.
1883 508 1923 574 85

333 706 457 806 igitur,
484 731 566 786 cum
591 707 815 786 mendacium
840 707 886 784 dc
911 707 1053 785 homine
1079 708 1235 784 omnium
1260 708 1394 806 optimo
1419 705 1567 800 audivit,
1590 705 1657 783 hoc
1677 706 1779 785 dicit:
1803 705 1886 783 Non
1905 705 1967 781 mi·

334 850 421 904 nore
446 828 578 906 virtute
604 836 641 904 et
664 827 854 925 probitate,
882 852 988 926 qvam
1012 829 1075 904 ille
1101 829 1220 919 fuerit,
1247 837 1283 904 te
1308 828 1427 926 ipsum
1455 849 1536 903 esse
1563 826 1699 918 videas,
1727 835 1768 903 ut
1792 825 1860 903 hoc
1882 835 1968 902 tem·

333 949 433 1046 poris
466 956 644 1025 momento
674 955 713 1024 to
738 948 910 1039 ostendis,
938 949 1032 1041 dum,
1060 949 1284 1046 impudenter
1309 948 1497 1040 mentiens,
1523 947 1617 1024 hanc
1642 969 1718 1023 rem
1742 947 1815 1022 ista
1839 946 1967 1022 verita·

332 1069 382 1144 tis
415 1067 537 1165 specie
570 1089 708 1144 narras.
745 1109 792 1125 -
828 1067 977 1144 Rctinui
1009 1069 1048 1143 in
1081 1068 1280 1166 posteriore
1310 1076 1412 1166 parte
1438 1089 1566 1143 versus
1592 1065 1805 1163 scripturam
1831 1066 1967 1143 codicis

333 1187 510 1278 Bembini,
540 1194 582 1262 ut
605 1187 751 1282 qvintus
775 1210 843 1284 pes
868 1196 1086 1283 anapaestus
1112 1189 1171 1280 sit,
1199 1188 1294 1285 qvod
1320 1188 1528 1286 permittunt
1554 1187 1645 1262 duae
1670 1186 1773 1282 leges
1799 1188 1967 1263 metricae

333 1307 553 1396 notissimae,
580 1306 759 1404 correptio
784 1306 824 1381 in
848 1307 1112 1407 monosyllabis
1138 1309 1269 1406 longae
1296 1309 1433 1384 vocalis
1458 1315 1541 1382 ante
1568 1306 1729 1383 vocalem
1754 1306 1792 1380 in
1813 1305 1913 1381 hiatu
1931 1314 1968 1382 et

331 1426 500 1523 neglecta
533 1448 642 1523 saepo
676 1426 772 1524 apud
797 1427 964 1502 Plautum
990 1435 1027 1503 et
1052 1429 1260 1504 Terentium
1286 1428 1418 1525 positio
1443 1428 1481 1503 iu
1507 1435 1725 1504 consonante
1752 1425 1790 1501 in
1815 1427 1967 1524 particu-

331 1547 404 1636 lae3
439 1547 733 1644 quemadmodum
763 1545 938 1623 hocloco
965 1548 1112 1623 eaedem
1137 1549 1303 1649 syllabae
1328 1549 1458 1623 breves
1484 1547 1631 1623 suntin
1657 1547 1732 1622 arsi
1757 1568 1823 1643 pro
1849 1545 1967 1621 iambo

331 1665 441 1763 positi
467 1666 605 1767 dactyli
631 1690 652 1744 e
678 1666 830 1744 lectione
855 1666 967 1764 vulgo
993 1677 1148 1766 recepta.
1201 1670 1252 1744 Et
1277 1677 1397 1746 tamen
1423 1669 1531 1744 etiam
1556 1669 1690 1744 Donati
1709 1668 1799 1744 illud
1819 1667 1968 1761 „adver-

331 1786 511 1878 bialiter“‚
537 1795 578 1863 ut
602 1787 772 1886 appellat,
801 1787 934 1862 dictum
960 1785 1009 1864 In
1034 1789 1167 1865 malam
1193 1791 1359 1865 aecem!
1384 1789 1665 1866 commendabile
1683 1795 1749 1880 est,
1769 1787 1802 1864 si
1820 1787 1879 1863 cui
1897 1787 1967 1861 dis·

331 1906 465 2002 pliceat
489 1915 690 2006 correptum
715 1904 747 1983 I
766 1906 804 1982 in
831 1906 926 1983 thesi
951 1931 1078 1985 versus
1103 1909 1259 1984 iambici.

1116 2130 1183 2208 VI.

956 2285 1162 2362 Eunuch.
1191 2310 1223 2360 v.
1253 2292 1339 2364 267.

483 2555 546 2637 Ad
568 2554 742 2636 Phdidern
766 2554 862 2636 hanc
887 2556 1071 2635 dedicere
1096 2565 1135 2636 et
1156 2562 1295 2660 repaire
1320 2559 1375 2637 ad
1397 2438 1534 2638 seniind
1548 2462 1759 2637 iitqieiriirii

483 2676 574 2756 Sed
597 2677 904 2758 Parmenonem
931 2685 1029 2756 ante
1053 2681 1206 2758 o'stiam
1231 2679 1253 2778 †
1280 2678 1462 2757 Thaidis
1487 2679 1652 2756 tristem
1677 2676 1816 2772 rideo,

482 2797 628 2876 Riodlis
652 2822 813 2878 serram:
838 2802 944 2877 sdlaa
968 2823 1042 2877 res.
1069 2800 1109 2877 ni
1133 2801 1273 2894 miram,
1298 2798 1401 2877 hisce
1426 2797 1589 2877 homines
1606 2799 1760 2898 stipent.

328 2989 443 3065 Plane
469 2989 524 3065 sic
549 2989 827 3081 Fleckeisenus;
855 2991 917 3088 qvi
941 2989 980 3065 in
1006 2990 1230 3066 claudicante
1256 3012 1364 3064 versu
1390 2989 1503 3064 libros
1528 2986 1637 3064 MSS.
1658 2995 1804 3063 secutus
1822 2986 1964 3061 obelum

327 3110 476 3186 addidit.
530 3109 662 3186 Mendo
696 3111 735 3186 in
770 3107 923 3188 dhaidis
956 3134 1028 3186 non
1061 3112 1169 3187 dubio
1201 3111 1376 3207 qromodo
1403 3109 1538 3185 mederi
1564 3109 1683 3185 consti
1709 3108 1784 3183 sint
1808 3108 1964 3183 editores

327 3239 411 3305 ante
438 3230 653 3326 Bentlejum,
681 3230 777 3328 apud
802 3230 898 3306 hunc
924 3231 1017 3308 vide.
1070 3232 1157 3328 Ipse
1181 3231 1248 3306 ita:
1277 3227 1343 3306 Set
1366 3227 1632 3306 Parmenonem
1652 3233 1737 3305 ante
1755 3228 1885 3305 o'stium
1904 3250 1964 3327 op·

322 3348 444 3450 pem‘ri
469 3349 606 3426 tristem
632 3349 747 3428 ar'deo.
799 3350 952 3426 Bothius
979 3373 1109 3448 graece
1136 3351 1297 3449 reposuit
1326 3358 1490 3427 Θαῑδίου.
1536 3350 1765 3425 Hermannus
1785 3347 1962 3423 Element.

328 3470 441 3576 doctr.
468 3480 569 3546 metr.
596 3494 633 3568 p.
665 3476 730 3548 151
762 3471 918 3568 conjecit
943 3493 1015 3546 non
1040 3470 1208 3547 feliciter:
1245 3467 1324 3547 Sed
1348 3467 1611 3546 Pairmenonem
1638 3473 1723 3545 ante
1749 3466 1878 3545 o‘stiam
1905 3465 1965 3543 hic

328 3586 482 3665 theim
515 3590 653 3666 tristem
687 3587 804 3683 m'deo,
833 3591 913 3667 loeo
945 3591 984 3666 in
1018 3599 1144 3689 quarto
1174 3590 1266 3688 pede
1299 3597 1445 3687 propter
1470 3611 1654 3664 caesuram
1680 3587 1793 3663 hiatui
1820 3595 1855 3661 et
1881 3609 1964 3686 pyr·

326 3708 466 3784 rhichio
492 3732 677 3787 concesso.
723 3710 894 3787 Kloteius
921 3712 1049 3787 edidit:
1078 3708 1146 3788 Set
1168 3709 1433 3788 Pdemenonem
1459 3715 1544 3785 ante
1570 3707 1699 3785 ostium
1727 3705 1878 3784 Thaidis
1903 3705 1965 3782 hie

328 3829 466 3905 tristem
492 3827 608 3908 m'deo.
660 3831 824 3929 Denique
850 3831 1044 3932 Kayserus
1070 3832 1109 3907 in
1135 3854 1288 3906 censura
1313 3828 1481 3906 editionis
1507 3827 1671 3903 Terentii
1695 3826 1964 3903 Fleckeisenia-

328 3973 396 4024 nae
421 3950 445 4025 l.
475 3974 505 4025 c.
532 3975 568 4048 p.
598 3957 671 4029 325
699 3951 803 4027 dicit:
831 3949 951 4047 „Eam
981 3948 1060 4028 267
1084 3947 1219 4028 hdnnte
1244 3945 1397 4026 Thaidis
1421 3946 1606 4047 halhmeps
1633 3947 1715 4023 eine
1746 3943 1963 4046 Corruptioa

327 4093 396 4146 aas
429 4067 490 4147 hie
522 4077 697 4148 astantem
728 4071 823 4165 sein,
847 4072 958 4170 oerpl.
987 4069 1121 4148 Heaat.
1149 4066 1246 4147 960:
1271 4068 1332 4147 hie
1349 4075 1496 4172 patrem
1522 4073 1647 4145 astare
1673 4066 1817 4144 aibas.“
1870 4066 1961 4143 Cftr.

327 4189 434 4265 etiam
469 4191 614 4267 Phorm.
649 4215 684 4265 v.
722 4196 812 4269 607:
853 4187 932 4267 Sed
954 4193 1129 4292 pdtraom
1164 4189 1269 4268 rideo
1296 4192 1375 4267 edm
1396 4195 1507 4291 patre
1533 4195 1726 4278 astantem3
1762 4186 1898 4286 Hecyr.
1927 4211 1961 4259 v.

327 4315 417 4387 428:
455 4307 536 4387 Sed
567 4308 798 4413 Pdmphilam
830 4310 948 4413 ipsam
977 4309 1081 4389 m'deo
1107 4317 1208 4389 stare
1234 4316 1319 4387 ante
1344 4309 1494 4400 dstium;
1528 4307 1667 4408 Hecyr.
1694 4331 1730 4381 v.
1759 4312 1849 4385 854:
1886 4303 1967 4383 Sed

326 4425 552 4506 Bdechidem
587 4453 710 4507 eccam
743 4427 847 4507 m‘deo
881 4436 983 4508 stare
1017 4436 1102 4507 ante
1137 4431 1285 4522 dstinm;
1319 4431 1437 4506 Plaut.
1471 4426 1695 4504 Menaechm.
1721 4451 1757 4502 v.
1786 4432 1856 4505 631
1888 4450 1960 4525 sq.:

325 4545 410 4625 Na'n
436 4571 504 4648 epo
532 4558 568 4625 te
592 4547 699 4626 modo
724 4545 785 4627 hic
810 4558 896 4627 ante
920 4549 1027 4628 aedis
1053 4552 1133 4628 eam
1160 4573 1297 4628 corona
1318 4549 1440 4651 starea
1472 4545 1554 4627 Vidi
1579 4547 1727 4625 astare?
1752 4554 1789 4622 et
1809 4570 1844 4620 v.
1870 4551 1960 4624 oto:

325 4663 382 4742 Mt
414 4665 665 4762 Menaechme,
701 4671 769 4746 aar
802 4675 887 4746 ante
912 4668 1018 4746 aedis
1044 4671 1171 4746 a'stas?
1222 4669 1381 4762 Qvorum
1408 4668 1649 4768 exemplorum
1675 4666 1813 4742 ratione
1840 4665 1963 4740 habita

325 4796 422 4862 certe
448 4789 591 4886 qvidem
616 4787 769 4882 videtur,
796 4789 830 4865 si
856 4791 951 4889 qvod
977 4790 1159 4866 intercidit
1183 4792 1343 4881 verbum,
1377 4794 1501 4866 astare
1525 4788 1584 4864 vel
1610 4796 1712 4863 stare
1736 4786 1961 4884 potissimum

324 4907 536 4983 addendum.
590 4904 744 4987 lhaidis
778 4918 896 4986 sutem
930 4909 1025 4987 unde
1061 4911 1160 4985 venit
1190 4910 1229 4986 in
1254 4910 1419 4986 versum?
1469 4909 1514 4987 In
1540 4931 1611 5009 qvo
1637 4907 1840 4983 sufficiebat
1866 4905 1961 5005 ejas,

324 5051 404 5103 cum
431 5052 559 5105 nomen
584 5029 746 5107 mulieris
771 5029 810 5105 in
835 5054 944 5107 versu
970 5031 1154 5130 superiore
1176 5032 1253 5129 jam
1279 5032 1427 5107 allatum
1453 5038 1551 5108 esset
1570 5037 1607 5105 et
1625 5026 1758 5104 ibidem
1778 5028 1824 5102 ad
1842 5026 1964 5103 veniat

324 5149 512 5245 cogitetur.
567 5148 641 5228 Sed
675 5151 770 5228 enirn
803 5151 852 5228 sd
887 5175 967 5229 eum
996 5152 1141 5251 qvidem
1171 5153 1291 5229 locum
1314 5175 1389 5231 non
1412 5150 1606 5231 absurdum
1631 5157 1710 5229 crat
1733 5149 1772 5225 in
1798 5147 1960 5246 margine
