4726 6270
923 525 1125 603 Quamionee
1151 528 1367 594 Terentianae.
1871 532 1907 595 11

322 750 411 818 rum,
438 726 463 800 i.
492 749 523 800 e.
552 733 747 815 acutarum,
776 724 835 799 vel
861 723 1098 816 sinistrarum,
1125 726 1150 800 i.
1174 749 1205 801 e.
1228 726 1403 823 gravium,
1424 725 1701 822 appellationem
1719 728 1896 825 obtigisse
1904 729 1951 824 ').

322 849 485 945 Impares
510 845 620 921 tibias
645 867 769 920 omnes
796 843 910 919 dietas
938 852 973 919 et
1000 845 1171 920 dicendas
1197 845 1383 946 Phrygias
1405 869 1487 921 esse
1506 846 1597 921 nihil
1613 848 1816 944 persuadet,
1837 871 1954 947 qvam·

323 969 381 1049 vis
406 991 429 1041 a
455 965 631 1066 Phrygiis
656 972 769 1040 totum
794 963 863 1039 hoc
888 987 1005 1060 genus
1032 972 1147 1040 ortum
1174 967 1235 1056 sit3
1264 989 1346 1040 nam
1366 966 1607 1067 Phrygiarum
1625 989 1753 1043 nomen
1772 970 1954 1066 proprium

324 1110 445 1163 earnm
479 1086 593 1161 fuisse
627 1084 779 1176 videtur,
817 1106 965 1181 qvarum
992 1084 1105 1158 altera
1130 1108 1239 1162 curva
1263 1086 1342 1160 fuit.
1396 1086 1475 1162 Has
1502 1085 1635 1164 Graeci
1662 1088 1769 1163 etiam
1796 1087 1955 1184 elnlponp

325 1204 464 1297 αὐλοὺς
498 1204 690 1303 (Athenaei
721 1204 784 1278 lib.
818 1203 884 1278 IV.
913 1227 948 1301 p.
980 1209 1051 1282 176
1078 1204 1160 1302 sq.),
1188 1214 1305 1281 rectas
1332 1229 1416 1282 vero
1442 1207 1598 1304 impares
1624 1214 1686 1282 aut
1711 1215 1807 1282 certe
1834 1231 1954 1283 earum

325 1325 501 1425 qvandam
527 1325 685 1422 speeiem
710 1319 909 1423 γαμήλιους
935 1324 1110 1421 (Pollucis
1136 1324 1320 1401 Onomast.
1349 1327 1499 1404 lib.·IV.
1520 1350 1633 1423 segm.
1655 1328 1953 1424 associabant.

326 1447 399 1523 Sed
433 1446 635 1543 exemplum
666 1443 909 1544 Phrygiarum
938 1444 976 1518 id
1004 1468 1143 1541 qvoqve
1169 1445 1370 1522 habendum
1396 1455 1462 1540 est,
1491 1447 1585 1545 qvod
1611 1447 1657 1521 ad
1683 1448 1799 1523 locum
1826 1448 1956 1524 Varro

325 1569 383 1643 nis
409 1567 453 1642 de
479 1589 519 1641 re
544 1574 632 1641 rust.
660 1566 691 1639 I.
720 1571 754 1641 2.
783 1564 1035 1641 declarandum
1061 1565 1303 1656 adhibuimus;
1332 1569 1401 1642 etsi
1427 1568 1521 1643 enim
1547 1568 1723 1665 perlonga
1748 1569 1895 1642 sinistra
1915 1568 1956 1642 ti·

325 1688 385 1762 bia
419 1685 625 1783 oeteroqvin
658 1691 758 1759 reeta
792 1691 859 1776 est,
886 1685 923 1758 in
950 1685 1030 1781 ipso
1057 1693 1215 1762 extremo
1241 1687 1392 1762 termino
1418 1688 1635 1763 corniculum
1663 1710 1804 1775 sursum
1830 1709 1957 1762 versus

324 1807 531 1903 adjunctum
565 1805 687 1897 habet,
721 1811 760 1880 ut
795 1804 1047 1880 admoneamur
1080 1806 1124 1879 de
1160 1807 1280 1880 verbis
1314 1807 1491 1883 Athenaei
1523 1808 1632 1903 paulo
1658 1830 1766 1903 supra
1791 1807 1955 1903 prolatis:

325 1931 406 2024 παρ’
435 1923 456 2002 ὃ
482 1924 608 2001 saled
634 1931 740 2022 κέρας
765 1922 1046 2021 προσάπτουσιν.
1078 1969 1120 1978 -
1150 1927 1351 2002 Praeterire
1377 1926 1436 2002 hic
1462 1928 1644 2002 nonlicet
1669 1927 1734 2001 illa
1760 1925 1886 2017 Solini,
1910 1926 1956 2001 ad

325 2070 416 2143 qvae
444 2046 552 2121 etiam
577 2047 686 2143 paulo
712 2052 795 2140 post
819 2045 991 2119 lentorem
1016 2045 1272 2141 relegabimus:
1301 2045 1542 2123 Thermitanis
1567 2047 1659 2124 locis
1681 2046 1802 2122 insula
1823 2051 1880 2122 est
1895 2043 1957 2122 lla·

325 2164 520 2242 rundinum
552 2165 681 2262 ferax,
717 2186 807 2263 qnae
841 2162 1236 2241 accommodatissimae
1268 2174 1354 2243 sunt
1386 2167 1422 2242 in
1456 2189 1592 2243 manem
1622 2188 1748 2243 sanum
1775 2164 1958 2258 tibiarum,

325 2308 392 2361 seu
420 2283 703 2386 praesentarius
732 2283 871 2381 facias,
907 2306 1054 2382 quarum
1088 2284 1191 2362 lorus
1223 2294 1280 2363 est
1303 2285 1356 2363 ad
1367 2286 1583 2388 puluinaria
1602 2283 1857 2386 praecinendi,
1882 2285 1959 2361 sine

326 2428 469 2498 oasam,
503 2426 595 2503 qaae
624 2402 848 2501 foraminum
878 2402 1038 2479 numeris
1059 2407 1338 2504 praecentoria
1364 2404 1591 2499 antecedunt,
1617 2428 1682 2481 seu
1698 2405 1956 2506 puellatorius,

329 2523 455 2624 quibas
490 2547 514 2600 a
544 2545 635 2601 sono
662 2522 822 2599 clariore
847 2545 1016 2599 vocamen
1043 2522 1164 2619 datar,
1189 2525 1265 2602 siae
1288 2526 1494 2624 pinprinas,
1520 2548 1623 2624 qnae,
1650 2522 1836 2601 breuiores
1861 2524 1959 2616 licet,

328 2643 580 2722 subtilioribus
615 2650 733 2719 tamen
767 2641 885 2719 modis
920 2643 1101 2736 insonant,
1136 2650 1201 2721 aut
1230 2645 1407 2738 milvinos,
1444 2668 1534 2745 qaae
1569 2646 1606 2720 in
1634 2650 1804 2721 accentus
1828 2650 1963 2720 exeunt

329 2765 571 2858 acutissimae,
606 2769 673 2839 ant
701 2761 859 2862 Lpdias,
886 2786 973 2862 qaas
999 2769 1037 2840 et
1060 2765 1222 2841 tanarias
1248 2764 1384 2858 dicunt,
1417 2765 1476 2840 ael
1504 2762 1711 2841 Corinthiae
1737 2764 1795 2839 nel
1818 2761 1960 2864 Aeppp·

329 2885 402 2961 aas
434 2883 572 2960 aliasve
598 2908 622 2959 a
647 2883 796 2959 musicis
812 2905 888 2983 per
914 2881 1078 2960 diuersas
1105 2885 1309 2982 officiorum
1336 2891 1374 2960 et
1396 2883 1576 2960 nominum
1601 2883 1744 2983 species
1768 2889 1961 2984 separatas

329 3011 375 3098 (e.
408 3005 484 3100 ll):
511 3004 575 3078 ubi
600 3027 691 3100 qvae
717 3004 826 3078 tibiae
853 3004 1080 3080 nominantur
1105 3006 1382 3101 praesentariae,
1412 3027 1473 3080 eas
1499 3004 1614 3078 fnisse
1641 3003 1785 3079 easdem
1806 3026 1850 3078 ao
1871 3003 1961 3079 Var-

330 3124 428 3199 ronis
454 3124 653 3198 incentivas
681 3121 880 3198 Salmasius
906 3132 1052 3220 propter
1077 3125 1258 3200 nominum
1284 3126 1549 3200 similitudinem
1575 3125 1751 3220 opinatur,
1773 3132 1879 3222 atqve
1899 3147 1962 3198 eas

329 3244 438 3319 tibias
463 3244 596 3319 indicio
623 3244 798 3320 Varronis
825 3244 971 3319 dextras
996 3245 1111 3319 fuisse
1138 3254 1183 3335 et,
1213 3245 1306 3342 qvod
1331 3245 1478 3336 minore,
1507 3269 1612 3342 qvam
1638 3267 1779 3334 vasone,
1803 3267 1894 3339 qvas
1912 3244 1963 3318 ni·

330 3364 382 3439 hil
417 3364 515 3439 aliud
547 3387 652 3462 qvam
683 3365 851 3439 sinistras
876 3363 1060 3439 habendas
1087 3365 1184 3456 dicit,
1211 3367 1423 3440 foraminum
1448 3389 1594 3441 numero
1621 3365 1816 3438 instructae
1842 3372 1965 3437 essent

331 3486 411 3580 (afr.
448 3507 558 3581 supra
591 3508 627 3580 p.
666 3486 719 3581 7),
755 3485 914 3580 graviter
949 3485 1115 3561 sonuisse
1148 3486 1311 3560 affirmat.
1365 3486 1420 3560 Ao
1452 3485 1698 3561 recentissimo
1733 3491 1893 3579 tempore
1927 3483 1964 3556 in

332 3605 613 3704 encyelopaedia
638 3605 828 3703 Panlyana
853 3605 909 3679 vir
935 3605 1077 3701 qvidam
1105 3606 1230 3682 doetus
1258 3605 1436 3682 incentiva
1461 3613 1497 3680 et
1515 3603 1777 3705 praecentoria
1804 3603 1963 3699 ejusdem

331 3726 440 3801 tibiae
466 3725 611 3800 nomina
637 3749 717 3800 esse
745 3726 927 3800 contendit
953 3734 989 3801 et
1014 3725 1098 3801 huie
1124 3726 1232 3802 tibiae
1257 3727 1446 3801 verborum
1472 3725 1691 3824 qvoruudam
1717 3747 1839 3815 eausa,
1871 3747 1963 3820 qvae

333 3845 449 3922 Solini
483 3868 565 3921 esse
600 3847 662 3938 ait,
697 3845 764 3919 sed
799 3853 883 3919 sunt
915 3843 1095 3939 Salmasii,
1122 3849 1333 3943 gravitatem
1360 3847 1440 3921 soni
1466 3846 1637 3943 ascripsit
1649 3846 1717 3942 ”l
1771 3845 1964 3920 Probatum

434 4052 467 4125 *)
489 4053 566 4112 Huic
588 4053 654 4113 loeo
677 4069 863 4129 apponamus
885 4070 902 4112 e
924 4053 1067 4114 Boeckhii
1088 4053 1343 4132 argumentatione
1364 4052 1438 4113 haee
1459 4052 1552 4113 verba
1574 4054 1618 4127 (p.
1645 4052 1730 4125 168).
1746 4051 1776 4110 in
1792 4051 1900 4127 qvibns
1915 4069 1964 4111 ra·

332 4159 373 4217 tio
403 4155 529 4216 habetur
556 4156 756 4216 discriminum
785 4155 914 4217 omnium
943 4156 973 4216 in
996 4157 1077 4218 tibiis
1098 4158 1177 4234 apud
1199 4158 1348 4217 Donatum
1370 4159 1661 4216 commemoratorum
1685 4154 1730 4228 (v.
1753 4169 1844 4229 snpra
1865 4173 1895 4230 p.
1920 4157 1964 4228 6):

333 4261 397 4320 llas
423 4275 523 4335 nanze
549 4261 711 4319 Altermum
734 4267 827 4319 nennt
848 4262 921 4321 alles
940 4262 1108 4330 ltdtle'clc,
1131 4263 1258 4330 Hatera,
1285 4259 1455 4319 Glaclclicle
1475 4257 1612 4325 nectes,
1629 4257 1702 4316 alles
1716 4254 1850 4326 Dictae
1869 4256 1966 4317 reea-
2095 4328 2100 4337 Ι

332 4366 407 4438 ripe,
434 4361 752 4437 d'naltlclcbedentende
773 4363 882 4443 lintea·
903 4366 989 4425 sollte
1010 4381 1041 4424 es
1062 4367 1093 4425 in
1116 4366 1170 4425 der
1192 4363 1300 4432 Musti,
1323 4364 1373 4423 dle
1394 4363 1460 4422 aem
1485 4360 1623 4420 demitte
1643 4374 1677 4418 so
1700 4359 1779 4418 nate
1800 4360 1878 4433 licat,
1901 4360 1967 4419 eine

333 4466 502 4526 Ausnalme
522 4466 660 4541 remacle
681 4465 799 4527 tuden?
829 4466 886 4527 Bia
908 4468 1019 4528 dextra
1041 4467 1114 4529 tibia
1135 4483 1214 4527 mass
1236 4467 1285 4526 dte
1302 4465 1461 4539 fritlicte,
1486 4463 1535 4522 die
1554 4463 1678 4522 rinnau
1693 4461 1742 4520 dte
1757 4461 1967 4535 dusterajene

334 4568 383 4629 die
410 4568 496 4637 lohe,
524 4569 605 4629 dlese
633 4570 682 4630 dic
712 4570 783 4643 liese
803 4585 885 4646 seyn.
930 4569 1013 4645 Quae
1035 4569 1124 4631 luerit
1147 4570 1231 4647 origo
1253 4567 1461 4645 appellationis
1483 4568 1661 4626 dextrarum
1683 4562 1822 4625 tiliarum
1844 4568 1875 4624 el
1894 4567 1968 4625 sini·

333 4676 465 4731 samum
494 4678 524 4744 t..
552 4689 643 4748 supra
665 4671 721 4734 hoe
742 4672 808 4749 ipso
831 4673 896 4734 loco
918 4674 1078 4735 indicatum
1101 4682 1155 4744 est,
1180 4691 1238 4750 qvo
1260 4671 1398 4749 pertinet,
1421 4668 1499 4746 qvod
1523 4667 1595 4728 illud
1622 4675 1669 4727 est
1691 4666 1771 4743 apud
1793 4666 1914 4727 Festum
1936 4686 1966 4744 p.

336 4775 377 4832 74
398 4773 514 4834 Maeli:
537 4774 680 4836 Baetra
702 4778 870 4852 auspicia
884 4793 1037 4853 prospem
1060 4782 1090 4837 et
1112 4777 1265 4854 deinceps:
1289 4776 1510 4836 dextrarum
1531 4771 1704 4833 tiliarum
1716 4786 1812 4854 penus
1826 4777 1877 4842 est,
1894 4786 1968 4845 qnae

335 4875 446 4936 datrae
469 4881 604 4936 tenantur
626 4874 788 4956 (videlieet,
810 4879 867 4939 nisi
889 4884 1015 4956 ntraqre
1037 4879 1175 4940 libiarum
1194 4879 1376 4957 geminarum
1398 4877 1505 4938 dextra
1528 4877 1605 4942 estu
1626 4873 1680 4934 sed
1694 4872 1786 4934 nihilo
1801 4872 1897 4933 secius
1912 4890 1969 4933 au-

336 4994 384 5037 res
410 4977 558 5038 Romanas
579 4978 728 5041 offendere
747 4997 820 5043 saue
840 4981 953 5053 debuit,
975 4983 1002 5044 si
1022 4985 1164 5045 mannae
1184 4982 1352 5045 nominatae
1374 4985 1474 5041 essent
1495 4979 1586 5040 tibiae
1608 4977 1696 5050 laeta,
1721 4977 1849 5036 duanae
1869 4975 1968 5036 tristia

336 5078 516 5141 nuntiantes.

438 5179 491 5260 “l
518 5182 601 5245 ΗΜ
628 5183 659 5247 5¹¹
687 5183 781 5249 8011ιὶ
806 5152 873 5267 esp.
903 5190 923 5251 2
949 5188 1051 5267 lue
1194 5188 1247 5251 vl,
1270 5190 1300 5251 2.
1321 5205 1354 5269 p.
1378 5189 1470 5257 1946,
1493 5203 1517 5246 s.
1540 5203 1569 5249 v.
1594 5184 1694 5248 illia:
1723 5181 1969 5261 „Praesentorias
