4726 6270
490 544 531 608 82
1027 541 1248 609 hunuanus
1273 560 1296 608 a
1322 541 1496 610 Barnun.

547 739 592 815 In
618 739 862 836 Adelphorum
888 746 990 815 actus
1017 743 1039 817 3
1067 763 1176 815 scena
1203 744 1225 816 3
1252 740 1390 816 Demea
1415 764 1538 817 secum
1564 741 1684 818 dicere
1705 741 1795 835 infit,
1817 752 1856 820 ut
1874 743 2081 823 Fleckeise-

445 885 514 938 nus
540 860 666 937 edidit:

674 1028 863 1131 Disperii:
894 1028 1144 1132 Oteaprdo'nem
1171 1029 1296 1108 audivi
1316 1032 1440 1129 filium

679 1150 759 1229 Unci
779 1151 903 1248 fuisse
928 1151 966 1228 in
992 1152 1161 1252 ruptione
1186 1175 1266 1229 cum
1294 1149 1490 1229 Aeschino.

673 1269 727 1347 Id
749 1272 880 1349 moero
906 1278 1023 1348 restat
1045 1269 1132 1347 mebi
1156 1271 1254 1370 moli,
1282 1271 1317 1349 si
1343 1272 1443 1348 illam
1462 1278 1598 1373 potest,

676 1389 746 1482 Qvi
771 1392 907 1492 aliquoi
931 1388 1034 1485 reiut,
1061 1391 1170 1468 etium
1195 1415 1310 1467 meum
1337 1390 1391 1467 a'd
1413 1391 1603 1491 nequitiem
1626 1389 1821 1468 adducere.

444 1583 488 1656 In
514 1582 606 1656 libro
632 1581 806 1656 Bembino
832 1581 931 1655 etin
957 1580 1040 1654 aliis
1067 1578 1173 1655 MSS.
1201 1581 1348 1655 ultimus
1375 1604 1502 1655 versus
1527 1588 1612 1677 post
1638 1579 1745 1657 etiam
1764 1582 1873 1657 habet
1892 1605 1985 1676 eum,
2005 1607 2079 1660 non

443 1724 570 1777 mcum.
622 1700 875 1776 Possessivum
908 1699 1170 1774 Fleckeisenus
1205 1701 1428 1797 approbavit,
1457 1726 1480 1775 a
1505 1701 1636 1776 Bothio
1661 1701 1857 1792 inventum,
1884 1704 1944 1798 qvi
1970 1727 2078 1779 anno

443 1822 549 1897 tavit:
584 1821 736 1916 „Friget
766 1842 858 1911 cerm,
884 1843 964 1894 cum
991 1818 1090 1894 illum
1117 1821 1365 1915 praecesserit.
1418 1820 1574 1917 Raptum
1600 1844 1634 1895 m
1660 1845 1683 1895 a
1707 1844 1925 1918 praegressa
1950 1830 2076 1898 voce“.

444 1941 618 2034 Quamvis
648 1962 735 2014 vero
767 1946 850 2034 apte
882 1947 985 2034 pater
1012 1962 1091 2012 eum
1118 1940 1163 2014 de
1189 1940 1329 2016 duobus
1354 1938 1452 2032 filiis,
1480 1964 1584 2037 qvem
1609 1941 1713 2015 fratri
1737 1941 1979 2039 adoptandum
2006 1967 2078 2019 non

444 2063 600 2151 dederat,
628 2082 743 2135 mcum
769 2059 953 2155 appellare
979 2059 1145 2155 potuerit,
1173 2061 1294 2135 verius
1321 2069 1450 2151 tamen,
1478 2068 1518 2134 ut
1543 2068 1640 2157 puto,
1671 2061 1739 2136 erit
1765 2084 1844 2136 eum
1870 2085 1941 2137 non
1967 2072 2078 2138 muta·

442 2191 517 2258 tum
543 2204 699 2270 servare,
727 2181 765 2254 in
791 2204 900 2255 versu
926 2187 1044 2253 autem
1070 2181 1302 2254 antecedente
1329 2179 1429 2255 illum
1455 2180 1493 2253 in
1519 2179 1713 2255 allecum
1739 2181 1948 2257 dissolvere.
1997 2183 2078 2258 Mil·

442 2305 510 2378 lies
545 2302 640 2399 apud
675 2301 882 2376 Terentium
919 2309 954 2374 et
988 2306 1114 2395 poetas
1149 2300 1369 2396 antiquiores
1400 2301 1437 2373 in
1470 2300 1533 2375 illc
1558 2301 1737 2400 syllabam
1763 2302 1918 2398 priorem
1944 2304 2078 2401 corripi

442 2446 513 2498 non
540 2421 717 2519 estquod
743 2442 877 2516 gnaros
903 2442 1076 2493 moneam.

545 2542 704 2618 Andriae
738 2548 807 2614 act.
837 2539 888 2614 dzi
914 2562 965 2613 so.
994 2545 1054 2616 2:a
1079 2539 1220 2614 Davum
1247 2540 1415 2638 proponit
1439 2540 1478 2614 in
1503 2541 1782 2637 cogitationibus
1808 2541 1973 2634 defixum,
2002 2544 2078 2640 qvi·

441 2665 510 2738 bus
545 2662 733 2736 consilium
766 2682 897 2733 novum
928 2682 993 2755 pro
1020 2659 1106 2734 hero
1132 2660 1269 2735 minore
1295 2660 1461 2755 reperiat.
1516 2659 1607 2737 Cum
1633 2660 1855 2758 Pamphilus,
1883 2662 1944 2758 qvi
1970 2685 2078 2737 servo

441 2783 602 2881 graviter
627 2782 740 2855 iratus
766 2803 837 2854 non
859 2780 936 2874 jam
963 2781 997 2853 ei
1023 2779 1180 2871 confidit,
1214 2780 1383 2869 decrevit,
1416 2780 1448 2854 si
1474 2779 1526 2854 ita
1551 2803 1702 2856 necesse
1726 2782 1830 2871 foret,
1859 2804 1977 2856 amore
2004 2805 2077 2857 non

442 2902 666 2979 dissimulato
692 2900 862 2996 potestati
888 2901 1025 2995 patriae
1051 2907 1174 2996 aperte
1201 2901 1342 2974 obviam
1369 2900 1421 2974 ire
1449 2907 1485 2974 et
1511 2899 1707 2976 Charinum
1734 2902 1890 2998 rogavit:
1924 2898 2011 2993 Qvo
2029 2905 2076 2978 ot'·

442 3022 559 3100 deor?
588 3022 647 3096 hic
672 3028 792 3095 autem
817 3019 1017 3116 respondit:
1052 3017 1184 3113 Miser,
1211 3043 1323 3119 aeque
1350 3021 1455 3117 dique
1481 3041 1569 3118 eqo;
1593 3021 1684 3096 haec
1710 3030 1907 3120 seqvuntur
1933 3045 1953 3097 e
1979 3045 2076 3099 reco-

442 3145 604 3241 gnitione
630 3141 875 3218 Fleckeiseni:

1151 3296 1231 3371 DA.
1277 3292 1473 3372 Conu'lt'um
1500 3317 1644 3393 quaero.
1685 3295 1761 3371 PA.
1803 3294 1953 3388 Fortia,

544 3415 644 3512 Scio,
672 3415 768 3517 qood
791 3438 933 3494 conoe.
975 3415 1056 3490 DA.
1098 3412 1181 3491 lloc
1206 3417 1277 3514 ὁμο
1304 3413 1371 3491 tibi
1388 3414 1563 3515 prosectu
1591 3410 1760 3515 effectum
1786 3413 1951 3491 re‘ddom.

440 3627 483 3700 In
519 3626 620 3701 codd.
657 3623 763 3700 MSS.
802 3633 872 3724 est:
909 3621 995 3699 Scio
1032 3621 1119 3723 quid
1147 3644 1297 3710 conerc;
1324 3622 1368 3697 de
1395 3644 1465 3718 qvo
1490 3623 1678 3698 venssime
1705 3623 1906 3718 Bentlejus:
1935 3623 2073 3717 „Plane

441 3746 643 3821 absurdum.
698 3745 883 3837 Qvomodo
919 3744 1013 3819 enim
1043 3744 1102 3817 vel
1128 3742 1309 3818 Charinus
1335 3743 1394 3816 vel
1420 3743 1630 3840 Pamphilus
1656 3743 1838 3839 praescire
1864 3743 1902 3817 id
1928 3746 2074 3840 posset?

440 3866 515 3943 Cur
549 3867 657 3941 etiam
692 3875 728 3941 et
762 3875 889 3962 postea
922 3864 1013 3939 alter
1044 3864 1243 3959 interrogat
1271 3859 1370 3952 Quid
1392 3862 1470 3937 est?
1495 3862 1586 3937 alter
1615 3859 1712 3953 Quid
1730 3862 1879 3958 socies?
1904 3861 2014 3940 cedo:
2041 3865 2073 3939 si

435 3988 512 4082 jam
538 3987 820 4063 resciscerent?“
859 3986 944 4082 Ipse
970 3984 1201 4080 excogitavit:
1230 3979 1274 4058 Si
1300 3979 1388 4081 qaid
1410 4004 1561 4071 conerc;
1580 3982 1685 4080 qvod,
1708 3982 1866 4059 Charino
1886 3986 1931 4058 ab
1952 4006 1995 4059 eo
2014 3985 2073 4058 tri·

439 4108 573 4196 butum,
610 4107 832 4183 adhortantis
869 4113 976 4180 esset.
1032 4103 1105 4179 Sed
1140 4103 1336 4178 diffidentis
1368 4110 1404 4177 ct
1430 4124 1510 4177 cum
1535 4103 1651 4177 ironia
1677 4103 1857 4177 laudantis
1884 4111 1950 4195 est,
1979 4105 2073 4200 qvod

439 4249 545 4301 servo
572 4226 712 4316 dieitur,
740 4233 776 4300 et
802 4225 944 4323 quidem
971 4248 994 4298 a
1019 4222 1223 4319 Pamphilo:
1251 4231 1437 4319 utrumqve
1464 4223 1558 4297 enim
1584 4223 1818 4319 responsione
1841 4224 1938 4299 Davi
1958 4223 2073 4301 firma·

438 4354 505 4422 tur.
559 4346 674 4421 Multo
700 4353 818 4421 autem
845 4345 985 4435 clarior,
1014 4367 1119 4441 qvam
1145 4366 1226 4417 cum
1251 4343 1492 4419 Fleckeiseno
1519 4340 1661 4441 quidin
1681 4341 1972 4442 praenotando,
1994 4366 2072 4420 sen·

438 4467 550 4542 tentia
574 4466 616 4542 fit
642 4473 678 4541 et
702 4465 851 4563 propius
878 4464 925 4540 ad
951 4464 1112 4539 codicum
1139 4463 1354 4561 scripturam
1380 4462 1562 4538 acceditur
1588 4464 1657 4538 sic:

515 4754 615 4851 Scio,
646 4758 722 4857 poi
754 4756 805 4833 id
833 4759 976 4834 coam.
1017 4756 1097 4831 DA.
1140 4753 1224 4832 Ho'c
1250 4777 1318 4855 epo
1345 4754 1412 4832 tibi
1433 4757 1605 4856 profacto
1632 4636 1802 4857 effecit&
1826 4634 1995 4832 guizzo?

438 4944 538 5041 Scio,
564 4947 658 5045 qvod
685 4970 793 5044 saepe
819 4947 959 5021 iambus
986 4953 1041 5021 est
1067 4944 1154 5044 (vid.
1181 4944 1372 5020 Ritschelii
1398 4945 1600 5041 Prolegom.
1622 4945 1791 5020 Plautina
1808 4968 1843 5042 p.
1865 4943 2069 5041 CLXVII),

437 5068 625 5165 Pamphilo
658 5068 864 5144 necessario
898 5066 1125 5142 tn’buendum
1150 5073 1206 5141 est
1232 5065 1340 5140 etiam
1365 5066 1403 5139 in
1428 5091 1464 5139 v.
1493 5070 1578 5155 669,
1606 5065 1658 5141 ibi
1683 5088 1824 5162 qvoqve
1848 5065 1985 5142 ironice
2010 5088 2070 5162 po

437 5189 556 5263 situm.
