4726 6270
414 502 454 565 76
948 494 1172 565 Bousuous
1196 514 1220 563 a
1244 496 1418 564 Bausta

369 697 457 785 vult,
485 696 568 771 dum
592 696 754 772 nascitur
778 697 876 772 intus
901 717 991 791 puer
1016 694 1206 791 Pamphilo
1232 703 1269 772 et
1294 695 1480 772 discursus
1506 719 1586 772 cum
1612 696 1768 773 clamore
1793 697 1876 775 inde
1899 704 2000 774 ortus
2137 704 2150 715 ’
2208 718 2225 741 ”

368 817 457 891 foris
482 816 635 892 auditur.
690 814 851 912 Utraque
878 838 988 890 scena
1014 821 1051 890 et
1075 815 1197 891 verbis
1223 824 1259 891 et
1284 824 1397 893 metro
1421 824 1495 891 tam
1521 825 1578 893 est
1603 826 1788 908 commota,
1809 825 1860 909 ut,
1882 840 2000 915 qvam·

368 937 430 1012 diu
460 958 553 1012 unus
583 936 750 1034 loquitur,
778 935 978 1032 nequedum
1003 942 1152 1032 apparet
1177 934 1274 1010 haud
1298 935 1459 1010 nescium
1486 958 1566 1011 eum
1591 959 1674 1012 esse
1699 937 1927 1033 praesentiae
1951 937 2001 1013 al·

367 1057 479 1132 terius
504 1079 691 1154 personae,
718 1079 808 1152 qvae
834 1055 940 1130 simul
966 1055 1076 1145 venit,
1104 1053 1149 1129 de
1175 1055 1316 1130 cantico
1341 1056 1448 1132 facile
1475 1057 1681 1152 suspiceris.
1721 1057 1766 1133 In
1785 1058 1843 1132 his
1861 1057 2000 1134 duabus

368 1176 489 1251 scenis
521 1176 570 1272 (v.
598 1176 624 1250 f.
657 1179 854 1252 rus-242
882 1182 919 1250 et
944 1174 1162 1270 ast-326)
1187 1175 1297 1250 tibias
1321 1174 1458 1272 passim
1483 1177 1625 1250 auditas
1651 1199 1734 1251 esse
1759 1199 1803 1253 eo
1830 1185 1886 1252 est
1911 1176 2000 1252 veri·

368 1297 533 1386 similius,
570 1296 665 1392 qvod
696 1303 779 1370 ante
810 1295 955 1369 easdem
981 1294 1085 1369 novis
1111 1295 1251 1370 actibus
1276 1295 1484 1391 praecinere
1510 1296 1718 1371 debuerunt.
1769 1296 1889 1393 Atque
1915 1298 2000 1374 item

366 1419 533 1506 fortasse,
569 1439 649 1491 cum
682 1423 765 1490 ante
800 1415 961 1510 qvintum
996 1420 1114 1487 actum
1146 1414 1373 1503 cecinissent,
1407 1413 1563 1489 nondum
1589 1423 1846 1507 mutauerant,
1874 1417 2000 1492 ubiin

367 1537 483 1634 prima
508 1558 618 1611 scena
642 1536 829 1624 Parmeno,
865 1533 1039 1608 ridiculus
1065 1542 1101 1607 et
1126 1556 1221 1607 nova
1239 1533 1384 1620 sciendi
1411 1533 1675 1631 cupidissimus,
1704 1535 1834 1611 sedin
1860 1559 1902 1613 eo
1929 1543 2000 1612 stu·

368 1657 427 1732 dio
462 1678 603 1753 semper
636 1655 785 1730 delusus
817 1676 955 1744 servus,
988 1653 1033 1726 de
1058 1653 1160 1726 irrita
1186 1653 1348 1728 sessione
1375 1676 1442 1728 sua
1466 1654 1505 1728 in
1531 1677 1613 1729 arce
1639 1654 1818 1751 hospitem
1842 1663 1999 1753 praesto

367 1777 477 1854 lautis
502 1784 634 1868 narrat,
663 1798 753 1872 qvae
779 1773 1099 1870 repraesentationi
1125 1795 1243 1848 rerum
1269 1795 1440 1869 perqvam
1459 1774 1622 1850 mimicae
1640 1783 1677 1850 et
1692 1776 1793 1851 tibiis
1810 1777 1999 1852 comitibus

366 1896 632 1972 accommodata
658 1895 856 1983 videantur,
885 1893 950 1968 sed
975 1892 1152 1967 cauticum
1178 1894 1287 1968 breve
1313 1916 1386 1968 non
1411 1894 1494 1984 sint,
1523 1896 1607 1991 qvia
1631 1896 1671 1970 in
1696 1919 1804 1971 cursu
1830 1896 2001 1972 narratio

367 2019 425 2092 nis
452 2016 497 2091 de
523 2015 703 2090 Bacchide
730 2022 882 2089 excunte
907 2013 1019 2088 verba
1042 2013 1140 2104 facit,
1168 2013 1288 2109 qvalia
1313 2014 1409 2088 intra
1435 2016 1565 2090 cantici
1590 2015 1683 2091 lines
1709 2016 1753 2091 de
1776 2016 1869 2092 alius
1888 2017 1999 2092 homi·

368 2140 426 2214 nis
459 2137 614 2211 adventu
639 2157 711 2209 non
736 2133 837 2208 fiunt.
890 2132 1114 2207 Affuerintne
1140 2134 1250 2208 tibiae
1276 2142 1413 2209 tantum
1438 2135 1523 2210 huic
1548 2136 1739 2234 soliloqrio
1764 2136 2000 2213 Parmenonis

366 2263 416 2358 (v.
451 2260 477 2332 f.
516 2255 744 2348 uus-807),
780 2277 828 2328 an
858 2253 965 2327 etiarn
991 2253 1103 2339 breui,
1131 2253 1196 2328 sed
1221 2264 1351 2350 arguto
1378 2256 1544 2347 sermoni,
1572 2256 1633 2353 qvi
1659 2257 1830 2352 sequitur,
1857 2257 1999 2333 Parme

366 2379 471 2455 nonis
505 2384 541 2452 et
567 2374 771 2464 Bacchidis,
799 2416 848 2428 -
877 2372 1039 2469 sequitur
1063 2371 1193 2448 deinde
1218 2374 1326 2470 hujus
1352 2375 1511 2451 mulieris
1538 2377 1727 2467 canticum,
1758 2419 1802 2431 -
1830 2399 1903 2452 non
1928 2401 2000 2452 ma·

366 2501 426 2597 gis
460 2497 587 2585 dicam,
624 2518 730 2592 qvam
766 2516 849 2568 num
883 2493 977 2567 forte
1010 2492 1048 2566 in
1080 2493 1205 2566 ultima
1234 2517 1344 2569 scena
1368 2495 1594 2571 viridissima
1619 2505 1655 2571 et
1680 2497 1732 2571 ita
1755 2497 1908 2573 forsitan
1933 2519 1999 2593 per

366 2628 478 2695 totum
503 2624 621 2692 actum
648 2615 808 2712 qvintum
834 2613 1038 2688 cecinerint.
1093 2611 1198 2703 Qvod
1225 2614 1258 2688 si
1284 2614 1329 2689 de
1355 2615 1511 2713 singulis
1534 2617 1707 2692 diverbiis
1725 2617 1832 2714 hujus
1851 2618 1998 2713 generis

366 2763 453 2815 vera
477 2736 628 2833 conjeci,
655 2736 798 2810 fuerunt
822 2734 861 2808 in
886 2756 948 2808 ore
973 2756 1206 2829 personarum
1231 2756 1343 2830 prope
1370 2735 1526 2809 omnium
1552 2758 1684 2827 earum,
1706 2760 1796 2834 qvas
1815 2738 1998 2835 principes

364 2861 473 2957 hujus
499 2855 703 2933 comoediae
728 2855 893 2930 Donatus
918 2853 1078 2928 nominat
1090 2853 1138 2950 ³),
1166 2852 1251 2928 dum
1277 2854 1383 2929 unius
1409 2877 1454 2929 ex
1473 2855 1531 2931 his
1550 2856 1715 2953 personis
1733 2856 1910 2932 cauticum
1928 2865 1996 2932 cst.

366 2980 440 3056 Sed
466 2978 556 3054 satis
582 2977 627 3051 de
651 2975 731 3049 hoc.

466 3097 525 3173 Ad
559 3096 667 3171 tibias
701 3095 802 3191 ipsas
836 3115 931 3168 nunc
961 3093 1134 3168 venimus.
1193 3091 1380 3170 Canticum
1406 3094 1531 3169 ordine
1557 3095 1711 3192 primum
1736 3097 1786 3194 (v.
1813 3096 1841 3171 f.
1870 3101 1993 3174 361-

365 3223 468 3316 408),
496 3217 648 3292 maxime
673 3215 764 3290 illud
788 3212 920 3304 flebile,
949 3222 986 3287 et
1010 3213 1219 3309 bipartitum
1245 3215 1437 3290 secundum
1464 3216 1513 3313 (v.
1541 3215 1566 3290 f.
1592 3222 1793 3294 sto-520
1814 3224 1851 3291 et
1870 3222 1993 3295 566-

366 3340 466 3436 576),
493 3338 532 3413 in
557 3359 627 3433 qvo
654 3334 836 3410 nulladum
862 3355 949 3430 spes
975 3333 1102 3408 salutis
1129 3333 1262 3408 arridet
1286 3343 1469 3411 matronae
1488 3335 1760 3427 moestissimae,
1782 3336 1996 3434 lugubribus

363 3458 479 3533 modis
504 3457 670 3532 tibiarum
696 3455 835 3552 parium
862 3454 1087 3528 sinistrarum
1112 3453 1384 3549 responderunt.
1438 3455 1600 3531 Tertium
1626 3479 1712 3532 vero
1738 3459 1787 3556 (v.
1814 3458 1841 3532 f.
1869 3462 1993 3535 816-

365 3579 466 3675 840),
501 3585 584 3676 post
618 3578 748 3651 laetam
778 3597 896 3649 rerum
922 3574 1193 3649 conversionem
1217 3572 1410 3648 hilaritatis
1435 3574 1591 3670 plenum,
1618 3575 1734 3652 laetos
1760 3599 1870 3652 sonos
1894 3576 1997 3652 tibia·

364 3721 442 3774 rum
469 3699 671 3773 dextrarum
699 3718 820 3771 seeum
846 3694 981 3770 habuit.
1034 3694 1160 3790 Neque
1186 3693 1335 3768 difficile
1360 3694 1508 3790 cognitu
1534 3703 1600 3786 est,
1627 3696 1690 3771 ubi
1715 3696 1810 3771 inter
1834 3705 1937 3772 actus
1959 3706 1996 3772 et

361 3819 400 3894 in
426 3819 472 3893 iis
499 3818 660 3914 partibus
686 3816 840 3904 fabulae,
868 3814 998 3911 qvihus
1024 3813 1070 3888 ad
1095 3814 1203 3889 tibias
1229 3813 1495 3910 pronuntiatum
1516 3814 1713 3892 diverbium
1732 3839 1815 3892 csse
1833 3818 1994 3913 potuisse

363 3939 550 4027 credimus,
586 3959 693 4032 pares
728 3935 876 4010 dextrae
910 3932 1070 4008 sinistris
1104 3934 1357 4008 successerint.
1409 3933 1500 4009 Post
1533 3935 1694 4011 nubilum
1719 3959 1838 4011 rerum
1863 3944 1994 4015 statum

361 4058 400 4132 in
425 4065 507 4132 actu
538 4062 594 4133 1:o
621 4055 823 4152 expositum
849 4053 1018 4129 sinistrae
1043 4052 1217 4129 decebant
1243 4062 1279 4129 et
1306 4054 1356 4131 2:i
1382 4053 1473 4129 iram
1498 4055 1708 4146 maritalem,
1735 4079 1827 4153 qvae
1851 4057 1890 4132 in
1914 4057 1994 4154 ipso

361 4177 474 4253 initio‘
491 4176 733 4266 tumultuatur,
761 4183 948 4270 ceteraque
974 4173 1012 4248 in
1038 4173 1163 4249 eodem
1188 4180 1273 4249 actu
1298 4173 1455 4266 tristitia,
1483 4174 1678 4265 hacundia,
1710 4174 1837 4252 timore
1863 4175 1995 4274 ubique

360 4299 493 4372 referta
518 4304 554 4371 et
581 4300 676 4372 3:um
702 4302 825 4386 totum,
852 4294 891 4370 in
918 4294 1020 4390 cujus
1041 4293 1118 4388 jam
1144 4293 1319 4390 principio
1345 4294 1622 4392 supramodum
1646 4304 1793 4386 maeret,
1815 4296 1935 4373 omnia
1954 4295 1996 4373 ti·

360 4439 473 4506 mens,
509 4416 637 4491 infelix
670 4416 733 4489 ille
766 4413 987 4512 Pamphilus,
1015 4412 1168 4509 deniqve
1195 4413 1301 4488 etiam
1329 4420 1436 4504 dzum,
1464 4415 1522 4489 cui
1548 4417 1648 4491 color
1672 4422 1793 4490 manet
1817 4415 1934 4491 tristis
1960 4423 1995 4490 et

361 4544 525 4611 austerus
549 4557 664 4630 usque
690 4534 737 4608 ad
762 4534 953 4608 adventum
980 4531 1184 4607 Bacchidis.
1239 4532 1311 4610 Sed
1337 4534 1431 4608 inter
1455 4541 1553 4611 deum
1580 4543 1616 4610 et
1644 4543 1740 4614 52nm
1762 4557 1857 4609 nova
1877 4557 1995 4611 rerum

360 4656 515 4730 omnium
540 4654 654 4729 facies
679 4655 822 4728 interim
848 4660 974 4728 exorta
1000 4653 1104 4727 novis
1129 4653 1229 4728 tibiis
1255 4653 1412 4728 nuntiari
1438 4653 1571 4744 debuit,
1599 4662 1636 4730 et
1661 4655 1699 4731 in
1724 4655 1793 4730 hoc
1812 4662 1895 4731 actu
1914 4678 1995 4730 oan-

360 4776 470 4850 ticum
503 4773 707 4864 Bacchidis,
744 4780 780 4847 et
815 4796 906 4870 qvae
936 4770 975 4846 id
1001 4779 1200 4870 sequuntur
1224 4773 1434 4866 laetissima,
1461 4776 1685 4868 antecedunt,
1713 4783 1752 4850 ut
1773 4775 1851 4871 jam
1876 4775 1994 4852 admo

354 5074 363 5093 ι
462 5051 494 5125 ’)
516 5046 612 5125 Atque
633 5051 665 5111 in
686 5051 746 5110 boc
763 5049 882 5126 primae
899 5055 1004 5124 portas
1024 5054 1094 5109 ruat
1114 5047 1260 5112 [mictu.
1283 5051 1435 5112 rcnmdac
1448 5051 1605 5128 Pauptr‘b',
1621 5051 1728 5112 tertiae
1741 5051 1889 5129 Pladtppr',
1904 5067 1993 5127 quw·

361 5163 410 5214 rac
432 5155 633 5215 Pammenia
