4740 6270
954 556 1158 637 Qooertiooer
1183 558 1401 627 Terentianae.
1918 562 1959 626 87

368 767 405 836 et
437 759 546 834 talem
575 757 682 834 etiam
708 757 874 834 Donatus
900 756 1083 835 invenisse
1109 756 1251 834 videtur
1263 757 1310 855 1’),
1337 756 1442 834 uncis
1468 757 1615 834 inclusit
1640 757 1903 837 Fleckeisenus
1929 761 2002 858 (cu-

362 881 425 978 jus
451 878 733 977 recognitionem
759 877 828 955 hoc
854 902 994 977 qvoqve
1018 879 1100 954 loco
1125 878 1291 976 reddidi),
1319 901 1399 954 cum
1424 878 1621 954 insiticium
1643 879 1751 954 etiam
1771 880 1858 956 olim
1878 878 2002 980 Guye-

367 1007 428 1076 tus
464 1007 501 1075 et
533 1007 662 1096 postea
691 997 895 1075 Kraussius
907 1000 965 1095 ”)
991 998 1228 1096 judicassent.
1281 996 1499 1096 Corruptnm
1526 1021 1608 1076 esse
1634 1000 1862 1076 consentiunt
1886 1000 2000 1090 multi,

367 1128 408 1195 ut
432 1119 631 1216 Bentlcjus,
659 1117 908 1211 Ruhnkenius,
938 1117 1210 1210 Stallbaumius3
1239 1125 1275 1193 et
1300 1118 1487 1215 Bentlejus
1513 1119 1657 1216 qvidem
1673 1120 1757 1214 jure
1776 1120 1838 1209 ait,
1859 1120 2001 1196 tametsi

367 1263 439 1316 non
465 1262 590 1315 corum
615 1237 731 1330 modo,
760 1237 824 1314 sed
852 1239 959 1315 otiam
986 1237 1171 1315 amborum
1198 1238 1244 1313 ad
1269 1259 1390 1314 mores
1415 1238 1549 1313 referre
1570 1238 1604 1313 ei
1622 1237 1772 1334 placuit:
1795 1239 1878 1333 „Ad
1896 1240 2001 1335 qvod,

367 1382 513 1456 quaeso,
550 1358 772 1457 exemplum?
824 1358 864 1437 si
899 1360 1067 1436 dixisset:
1104 1355 1230 1456 Hujus
1263 1378 1383 1434 morer
1415 1354 1468 1432 od
1491 1357 1691 1458 cccraplum
1719 1358 1890 1447 alterium
1918 1360 2002 1455 qvid
2085 1369 2091 1384 ¹

366 1479 457 1555 illud
483 1486 590 1569 essct,
616 1479 875 1576 intelligerem:
903 1480 968 1556 sed
995 1476 1190 1555 natarum
1216 1498 1337 1555 mores
1363 1474 1417 1551 od
1440 1477 1640 1578 exemplum
1666 1502 1765 1554 mera
1791 1479 1910 1575 caligo
1930 1487 2001 1569 est;

366 1599 450 1691 nisi,
478 1599 572 1698 qvod
598 1599 647 1674 sit
673 1600 885 1698 exemplum,
914 1599 1091 1674 indices.“
1143 1598 1236 1672 Nam
1263 1597 1486 1672 desideratur
1511 1598 1672 1695 profecto
1698 1622 1827 1674 nomen
1854 1598 1908 1674 rei
1933 1622 2003 1673 am·

366 1721 491 1794 harum
525 1720 703 1817 propriae,
739 1720 804 1795 sed
838 1720 877 1795 in
910 1720 958 1794 iis
991 1718 1190 1808 dissimilis,
1218 1718 1321 1813 cujus
1348 1716 1394 1791 ad
1421 1717 1621 1815 exemplum
1646 1719 1858 1815 Pamphilus
1884 1741 2003 1793 mores

367 1862 490 1915 aarum
515 1840 769 1915 aestimaverit.
823 1839 959 1917 Verum
985 1839 1080 1914 idem
1106 1838 1162 1912 vir
1188 1861 1347 1913 summus
1373 1860 1444 1914 non
1464 1861 1551 1913 sane
1568 1839 1802 1936 probabiliter
1819 1837 1873 1916 ad
1887 1862 2003 1915 amus·

366 1959 436 2035 rim
467 1959 589 2056 posuit
621 1983 685 2056 pro
712 1956 766 2035 ad
789 1960 1001 2059 exemplum.
1055 1956 1262 2054 Geppertus
1289 1957 1445 2034 aliarum
1470 1981 1536 2056 pro
1564 1958 1749 2036 ambarum
1777 1960 1887 2035 scribi
1912 1959 2001 2050 vult,

368 2101 493 2156 earum
520 2085 557 2155 et
582 2086 702 2154 cetera
725 2102 798 2154 non
823 2078 1071 2174 nuansfflp
1099 2077 1256 2153 oliorum
1283 2077 1390 2152 etiam
1415 2078 1586 2177 Kaysero
1606 2078 1631 2153 l.
1651 2102 1682 2153 o.
1702 2103 1737 2176 p.
1760 2085 1832 2156 287
1852 2080 1890 2154 in
1908 2103 2003 2154 men-

366 2205 438 2273 tem
472 2199 582 2290 venit,
619 2205 656 2273 et
688 2194 799 2296 hujus
832 2221 899 2295 pro
934 2221 1078 2286 aarum
1114 2197 1179 2272 sed
1206 2205 1242 2272 et
1268 2196 1445 2295 Gepperti
1471 2206 1507 2273 et
1532 2199 1695 2298 Kayseri
1722 2199 1896 2274 correctio
1922 2223 2003 2274 cum

367 2341 478 2394 sensu
509 2318 579 2394 loci
608 2325 760 2416 puguat;
787 2342 903 2415 neqve
930 2318 1025 2392 enim
1051 2339 1168 2393 sermo
1195 2324 1251 2393 est
1278 2316 1322 2391 de
1348 2317 1499 2392 aliarum
1525 2318 1712 2393 mulierum
1739 2319 2003 2415 comparatione

366 2439 442 2514 ulla
476 2461 556 2514 cum
591 2438 805 2514 Philumena
838 2447 875 2514 et
905 2437 1098 2528 Bacchide,
1125 2460 1241 2532 neqve
1267 2436 1312 2511 de
1338 2436 1471 2512 collata
1496 2459 1577 2512 cum
1603 2438 1686 2512 aliis
1711 2438 1855 2513 leminis
1881 2439 2003 2514 Philu-

367 2581 472 2634 mena
506 2559 595 2649 sola,
630 2566 671 2634 ut
704 2559 870 2655 opinatur
904 2559 1109 2658 Kayserus,
1141 2557 1282 2632 dicens:
1319 2554 1559 2656 „Pamphilus
1583 2554 1685 2633 hcine
1711 2556 1808 2633 donn
1835 2557 1904 2635 dos
1930 2556 2003 2634 Bc-

366 2675 517 2754 ncdmcn
542 2677 665 2755 rciacr
690 2675 794 2755 mac
819 2679 886 2754 mit
908 2677 989 2755 dem
1015 2674 1175 2754 cndcrer
1204 2673 1346 2753 Wcihcr
1371 2673 1587 2774 ocrplr'cbcn.
1642 2674 1718 2753 Von
1746 2676 1813 2753 der
1839 2675 2002 2755 Bacchis

366 2794 465 2874 kann
498 2795 581 2873 hier
613 2793 721 2873 deinc
750 2795 856 2874 Rcdc
881 2797 1006 2874 acin“:
1033 2797 1154 2894 agitur
1178 2819 1276 2888 voro,
1303 2804 1343 2872 ut
1369 2803 1405 2871 et
1430 2798 1635 2893 antegressi
1660 2821 1788 2873 versus
1815 2807 1851 2873 et
1877 2822 2001 2873 conse-

366 2924 517 3014 quentes
548 2917 645 2992 clare
676 2917 815 3008 docent,
844 2918 887 2994 de
914 2917 1056 2993 collatis
1083 2918 1177 2992 inter
1202 2940 1242 2992 se
1269 2916 1451 2992 Bacchide
1477 2925 1514 2992 et
1538 2917 1763 2994 Philumena.
1791 2961 1842 2975 —
1870 2918 1911 2995 si
1936 2943 2001 3017 pro

366 3034 553 3112 ambarum
578 3059 733 3133 reponas
760 3058 934 3130 amorum,
959 3036 1159 3112 tolerabilis
1184 3037 1339 3112 sortasse
1364 3035 1406 3112 fit
1432 3038 1621 3112 sententia.
1674 3038 1731 3113 Ita
1749 3038 1844 3114 enim
1862 3062 2001 3137 compo-

365 3163 535 3231 nerentur
559 3157 654 3231 inter
679 3178 720 3231 so
746 3179 887 3231 amores
914 3157 1123 3248 meretricis,
1151 3157 1198 3232 ad
1223 3180 1314 3254 qvos
1339 3165 1459 3232 tamm
1476 3158 1623 3253 juvenis
1641 3167 1726 3257 post
1742 3160 1886 3257 nuptias
1905 3183 2001 3234 num-

366 3300 472 3374 qvam
506 3300 528 3351 a
561 3275 716 3374 pristina
749 3276 865 3351 amica
898 3277 1078 3352 admissus
1113 3284 1170 3351 est
1203 3279 1282 3377 (cfr.
1310 3302 1345 3351 v.
1375 3284 1447 3355 750
1475 3280 1582 3375 sqq.),
1612 3287 1647 3353 et
1673 3288 1796 3356 castae
1823 3281 2000 3377 conjugis,

366 3396 495 3494 qvibus
529 3396 741 3492 Pamphilus
775 3403 859 3494 post
893 3396 983 3472 duos
1018 3420 1160 3472 menses
1192 3399 1263 3472 frui
1294 3398 1412 3495 coepit
1441 3399 1521 3494 (cir.
1549 3423 1583 3472 v.
1613 3404 1686 3477 393
1715 3401 1796 3496 sq.),
1825 3408 1861 3475 et
1888 3424 1933 3474 ex
1959 3424 2002 3474 ea

366 3516 575 3592 diversitate
609 3517 673 3593 ille
698 3517 842 3592 tandem
868 3540 1008 3592 omnem
1035 3540 1170 3592 morum
1197 3525 1233 3592 et
1258 3517 1396 3614 ingenii
1422 3518 1749 3594 dissimilitudinem
1775 3519 2000 3596 intellexisse

366 3637 553 3712 diceretur.
609 3635 682 3714 Sed
707 3645 961 3734 praeposterus
988 3638 1042 3712 sic
1067 3644 1166 3713 esset
1191 3639 1278 3714 ordo
1304 3638 1531 3729 narrationis,
1559 3663 1674 3736 neqve
1700 3640 1780 3737 ipse
1802 3639 1870 3714 hac
1890 3640 2001 3736 expli·

365 3758 506 3833 catione
540 3758 742 3854 acquiesco.
795 3758 1054 3834 Mutationibus
1088 3759 1200 3855 igitur
1228 3758 1412 3854 aliquanto
1443 3759 1637 3855 majoribus
1663 3759 1722 3835 hic
1749 3782 1876 3835 versus
1902 3760 1999 3834 vido·

365 3886 425 3953 tur
458 3879 637 3970 turbatus;
673 3879 735 3977 qvi
758 3879 867 3978 plane
893 3903 971 3954 eam
998 3879 1221 3969 sententiam,
1250 3900 1341 3974 qvae
1367 3878 1609 3975 exspectanda
1634 3888 1701 3970 est,
1728 3879 1905 3977 exprimit,
1932 3879 2000 3955 hoc

365 3999 469 4075 modo
496 4006 693 4075 correctus:

567 4151 636 4230 Ad
659 4156 895 4257 exemplum
920 4178 1078 4235 morum
1104 4155 1290 4234 amorem
1316 4174 1463 4229 corum
1489 4158 1772 4243 existumarem

364 4325 399 4399 h.
437 4349 468 4400 e.
505 4349 551 4400 cx
584 4325 809 4424 malignitate
844 4336 881 4404 et
914 4329 1133 4426 procacitate
1167 4329 1223 4424 (ut
1255 4326 1431 4402 Parmeno
1464 4325 1779 4422 interpretabatur)
1805 4326 1999 4401 Bacchidis

468 4568 500 4643 *l
522 4569 589 4630 Hoc
609 4575 708 4631 tamen
730 4588 791 4632 non
809 4575 922 4632 certum
944 4573 1000 4631 est.
1043 4567 1262 4629 annotationes
1283 4567 1361 4628 enim
1382 4571 1497 4627 tantum
1519 4572 1638 4627 aratam
1659 4567 1698 4626 ad
1720 4567 1813 4626 verba
1835 4570 1879 4629 od
1901 4585 1998 4629 mena·

361 4671 445 4746 plum
466 4677 497 4732 at
518 4674 705 4754 existimans
727 4674 827 4750 priore
847 4673 898 4734 illo
920 4672 986 4733 loco
1008 4670 1095 4733 haec:
1120 4671 1210 4743 Ocuri
1232 4673 1276 4733 od
1296 4673 1454 4748 imapiaem
1477 4678 1506 4732 et
1526 4672 1714 4733 collationem
1735 4679 1765 4732 et
1778 4674 1904 4747 spectem
1919 4687 1998 4733 com-

361 4776 540 4848 paraticas.

466 4891 518 4966 *Ἴ
547 4893 582 4954 In
612 4891 836 4966 Ococsdoaibrar
864 4892 1051 4955 Tercadonis
1076 4895 1198 4960 criticis,
1221 4912 1251 4971 p.
1275 4895 1314 4955 45
1338 4912 1394 4971 sq,
1418 4901 1448 4955 et
1470 4894 1499 4954 in
1520 4895 1622 4955 Museo
1644 4893 1787 4956 Bhenano
1809 4914 1836 4954 a.
1863 4897 1944 4956 1853
1966 4913 1996 4971 p.

365 4996 436 5055 547.
480 4996 546 5057 Hoc
573 4996 639 5057 loco
665 4994 778 5057 latetur
800 5014 859 5058 non
882 4997 921 5059 ob
943 4997 1115 5077 neglectam,
1139 5015 1227 5074 qvam
1248 4998 1390 5074 proponit
1412 4999 1585 5074 campolum,
1608 4997 1786 5074 positionem
1808 4997 1998 5059 condemnari

365 5114 483 5159 versum
505 5114 602 5174 posse.

465 5215 535 5295 m)
559 5215 680 5291 „deber
700 5219 751 5282 ore
772 5194 965 5298 Ararprccbc
982 5220 1035 5282 dra
1055 5218 1263 5282 Lotdaiaclcca
1284 5221 1324 5282 im
1346 5222 1461 5283 dlterm
1481 5220 1630 5292 Μανῆν,
1651 5239 1682 5298 p.
1707 5223 1757 5281 90.
