4726 6270
468 510 510 575 38
1005 507 1229 576 Enunnnus
1254 526 1278 576 s
1302 509 1475 576 Bausta„
1590 532 1593 539 ¹

309 694 315 703 '
428 706 558 782 cantici
583 705 730 780 mutatis
755 704 881 781 modis.
936 703 1048 781 Aliud
1073 705 1249 780 canticum
1274 729 1298 780 a
1323 706 1472 785 Wolffio
1497 716 1595 785 recte
1613 710 1841 785 obseruatum
1859 712 2058 789 continetur

428 836 497 903 act.
527 827 577 904 5:i
603 849 714 901 scena
743 831 759 902 1
792 826 852 922 (ex
878 847 965 899 uera
991 833 1133 900 actuum
1159 825 1410 904 distributione
1435 829 1726 928 Fleckeiseniib,
1760 832 1870 928 uulgo
1898 833 2057 928 ejusdem

427 955 529 1024 actus
563 970 615 1022 sc.
652 953 688 1038 4,
726 994 775 1004 -
809 970 844 1019 u.
880 947 905 1019 f.
944 945 1172 1040 seu-881),
1208 948 1401 1023 trochaicis
1428 950 1641 1047 septenariis
1667 951 1713 1025 ad
1740 952 1937 1026 canendum
1962 953 2058 1049 aptis

428 1075 614 1143 constante
648 1074 737 1157 tota3
774 1067 811 1140 in
847 1090 917 1162 qua
951 1067 1100 1157 Demea,
1129 1089 1241 1141 senex
1265 1090 1396 1164 parcus
1423 1077 1460 1144 et
1485 1092 1644 1162 seuerus,
1671 1070 1767 1145 vitae
1794 1072 1961 1163 rationes,
1990 1073 2059 1146 sibi

426 1188 544 1265 adhuc
578 1195 651 1261 tam
684 1187 890 1284 praeclaras
923 1186 1034 1277 uisas,
1070 1209 1195 1283 pamm
1229 1193 1348 1262 tamen
1379 1212 1552 1287 prospere
1576 1190 1760 1265 institutas
1787 1199 1823 1266 et
1848 1213 1961 1265 nouas
1983 1193 2060 1287 Jam

428 1309 499 1384 sibi
533 1309 572 1382 in
602 1308 684 1404 ipsa
716 1314 898 1382 senectute
924 1306 1179 1402 periclitandae
1206 1329 1288 1381 esse
1315 1308 1493 1400 edisserit,
1521 1310 1661 1385 cantico
1686 1310 1780 1384 hanc
1805 1311 2060 1408 poenitentiam

427 1427 591 1504 confiteri
626 1451 669 1502 eo
702 1427 821 1523 magis
855 1427 1047 1524 putandus,
1084 1426 1179 1522 quod
1211 1427 1250 1499 in
1275 1427 1344 1501 hac
1370 1428 1600 1502 consiliorum
1626 1430 1705 1525 ejus
1729 1431 1925 1505 mutatione
1952 1431 2059 1505 cardo

428 1549 573 1646 quidam
607 1548 750 1622 fabulae
785 1549 946 1622 uertitur.
999 1547 1082 1622 Non
1117 1569 1230 1644 aeque
1260 1555 1385 1642 aperta
1409 1547 1552 1638 indicia,
1580 1571 1624 1622 ac
1649 1549 1779 1645 quibus
1804 1549 1893 1624 haec
1920 1551 2062 1625 cantica

428 1669 590 1766 insignia
616 1675 709 1757 sunt,
737 1668 775 1741 id
800 1667 919 1757 habet,
947 1667 1042 1762 quod
1069 1666 1239 1742 Woltfins
1265 1667 1390 1741 tribuit
1417 1664 1590 1741 Sannioni
1614 1668 1653 1742 in
1678 1675 1747 1742 act.
1777 1670 1826 1744 221
1849 1691 1898 1743 sc.
1926 1675 1984 1746 iza
2000 1671 2059 1746 uel

428 1789 549 1887 potius
584 1793 645 1865 2=a
678 1787 731 1881 (in
765 1810 799 1859 u.
835 1787 860 1859 f.
899 1786 1125 1881 teo-208),
1157 1786 1396 1881 quodetiam,
1424 1786 1883 1884 sicutomniasnpericra,
1912 1791 2061 1886 agnouit

427 1909 617 2004 BenfeJns3
644 1930 768 1980 uerum
793 1914 913 1981 tamen
938 1929 1029 2002 quae
1055 1907 1149 1998 leno,
1177 1906 1278 1981 solus
1302 1908 1341 1981 in
1368 1930 1477 1981 scena
1501 1907 1661 2000 relictus,
1689 1910 1917 2005 conqueritur
1942 1910 1987 1984 de
2008 1911 2059 1984 in·

423 2029 531 2125 juriis
558 2027 628 2101 sibi
653 2027 776 2117 illatis,
805 2027 888 2102 dum
915 2048 989 2117 eas,
1016 2026 1122 2101 modo
1147 2034 1333 2122 argentum
1361 2027 1525 2123 accipiat,
1554 2050 1776 2124 concoquere
1802 2030 1890 2120 uult,
1912 2030 1986 2120 sed,
2006 2052 2059 2103 ar-

426 2156 574 2247 gentum
608 2155 648 2222 ut
682 2147 752 2222 sibi
787 2147 900 2238 detur,
932 2147 1062 2221 misere
1086 2148 1223 2237 metuit,
1252 2170 1305 2237 ea,
1333 2147 1518 2223 uelocibus
1544 2149 1760 2243 septenariis
1785 2149 1976 2225 trochaicis
2003 2173 2059 2223 ex-

427 2292 564 2368 pressa,
591 2276 665 2343 tam
692 2274 784 2359 sunt,
813 2267 846 2341 si
871 2268 983 2342 uerba
1008 2273 1223 2362 spectamus,
1250 2267 1522 2364 pantomimicae
1548 2268 1682 2343 actioni
1707 2276 1802 2364 apta,
1831 2277 1871 2344 ut
1890 2270 1959 2345 hoc
1978 2270 2060 2344 soli·

425 2390 583 2487 loquium
611 2411 678 2463 nos
704 2410 845 2484 quoque
870 2386 1023 2462 fidenter
1047 2386 1085 2460 in
1111 2409 1258 2461 numero
1285 2387 1502 2461 canticorum
1529 2388 1723 2483 repositum
1750 2389 1912 2464 uelimus.
1966 2389 2058 2464 Nam

426 2516 656 2609 praeceptum
683 2507 841 2606 Grysari
867 2509 916 2602 (p.
947 2506 1046 2603 370),
1075 2529 1119 2580 ne
1146 2507 1226 2602 quis
1252 2507 1424 2581 attribuat
1449 2507 1590 2581 cantica
1615 2508 1687 2582 nisi
1706 2508 1753 2582 iis
1771 2509 1947 2604 personis,
1968 2532 2059 2604 quae

425 2631 545 2706 locum
579 2627 768 2702 admodum
801 2627 1032 2723 conspicuum
1062 2627 1101 2702 in
1126 2627 1233 2701 rebus
1259 2626 1404 2701 fabulae
1429 2627 1599 2723 gerendis
1624 2635 1757 2718 tenent,
1784 2651 1909 2725 parum
1936 2627 2060 2703 confir·

427 2758 544 2824 matur
568 2748 663 2845 apud
689 2747 912 2837 Terentium
949 2748 1062 2822 ueluti
1087 2747 1149 2821 uni
1176 2754 1313 2821 tantum
1338 2769 1513 2843 personae
1540 2747 1584 2821 de
1610 2748 1667 2838 iis,
1702 2749 1855 2843 quasin
1881 2748 2058 2845 Adelphis

425 2869 631 2967 primarum,
668 2866 903 2942 secundarum
929 2867 1183 2963 tertiarumque
1209 2867 1362 2963 partium
1387 2867 1530 2942 habitas
1557 2890 1638 2942 esse
1664 2868 1828 2943 Donatus
1855 2875 1977 2943 narrat
1988 2868 2057 2961 ⁸),

426 3012 530 3065 suum
567 2995 623 3063 est
657 3009 702 3061 ex
734 2987 843 3083 hujus
875 2986 1080 3061 comoediae
1110 2986 1272 3061 canticis.
1325 2987 1396 3061 His
1422 2988 1501 3082 ejus
1528 2995 1696 3085 quattuor
1721 2989 1881 3084 quintum
1907 2988 2056 3078 accedit,

427 3111 471 3186 de
498 3133 567 3207 quo
593 3107 684 3182 nihil
709 3108 830 3182 attulit
855 3107 1037 3196 Wolftius,
1066 3108 1130 3181 sed
1158 3107 1321 3202 Benefeji
1339 3107 1631 3182 annotatiuncnla
1650 3108 1695 3181 ad
1715 3131 1794 3183 eum
1814 3107 1929 3182 locum
1950 3109 2058 3182 uerbo

426 3237 547 3304 monet
573 3228 749 3302 canticum
777 3250 868 3301 csse.
923 3228 972 3301 Et
996 3227 1033 3301 id
1060 3228 1213 3323 produnt
1239 3235 1382 3325 practer
1406 3250 1450 3302 ea
1475 3229 1591 3325 signa,
1621 3251 1711 3325 qvae
1738 3229 1954 3303 canticorum
1975 3236 2058 3303 sunt

426 3350 582 3426 omnium
622 3348 822 3423 communia
860 3371 975 3444 neque
1013 3347 1097 3421 huic
1131 3348 1271 3437 desunt,
1308 3348 1491 3444 quaedam,
1528 3371 1619 3443 qvae
1654 3349 1898 3438 observentur,
1934 3349 2056 3446 digna.

427 3469 682 3566 Ctesiphonem
719 3467 824 3558 enirn,
861 3468 922 3565 qui
956 3466 1024 3541 hoc
1054 3468 1132 3563 agit
1158 3468 1345 3558 canticum,
1375 3467 1503 3567 Syrus,
1531 3469 1592 3563 qvi
1619 3468 1737 3545 estin
1763 3468 1951 3564 proscenio
1978 3491 2057 3543 cum

428 3588 621 3680 Sannione,
658 3589 859 3664 uenientem
890 3588 1018 3662 uidens
1045 3588 1093 3682 (u.
1120 3588 1146 3660 f.
1175 3587 1276 3684 252),
1304 3587 1436 3663 laeum
1463 3609 1545 3663 esce
1571 3586 1617 3664 de
1643 3586 1762 3664 amico
1788 3588 1876 3661 dicit
1902 3597 1938 3665 et
1963 3588 2058 3664 uide·

426 3711 512 3787 licet
538 3734 558 3785 e
584 3715 691 3805 gestu
718 3709 797 3803 ejus
823 3709 975 3804 colligit.
1028 3705 1081 3782 Ut
1106 3707 1218 3803 igitur
1243 3707 1455 3782 adolescens
1477 3709 1564 3804 jam,
1593 3709 1675 3782 dum
1701 3708 1740 3781 in
1766 3731 1909 3783 scenam
1936 3709 2056 3798 intrat,

426 3833 465 3907 in
491 3829 742 3928 gesticulando
767 3835 942 3917 uersatur,
970 3828 1022 3900 ita
1047 3827 1109 3918 ibi,
1137 3834 1177 3901 ut
1201 3826 1243 3900 fit
1267 3828 1305 3901 in
1332 3827 1493 3919 canticis,
1517 3829 1632 3903 oculis
1652 3829 1766 3903 cernit
1785 3829 1972 3921 neminem,
1994 3829 2058 3904 sed

427 3951 537 4025 animi
564 3971 671 4024 sensa
697 3948 768 4023 sibi
795 3948 865 4022 soli
890 3948 1154 4043 interpretatur,
1182 3947 1296 4022 donec
1322 3945 1440 4047 Syrus
1465 3936 1595 4022 nomen
1615 3948 1693 4044 ejus
1713 3948 1899 4022 exclamat.
1943 3948 2057 4046 Argu·

427 4077 583 4145 mentum
618 4076 736 4143 autem
771 4090 938 4143 uersuum
971 4075 1007 4142 et
1037 4067 1110 4164 ipsi
1135 4090 1262 4142 uersus
1288 4068 1427 4142 cantico
1451 4057 1542 4143 bene
1569 4067 1795 4142 conueniunt.
1848 4068 1973 4164 Neque
1999 4069 2058 4143 ob·

426 4198 499 4267 stat
532 4190 601 4265 hoc
635 4188 715 4263 loco
749 4188 919 4280 brevitas,
955 4188 1049 4262 sicut
1078 4187 1116 4260 in
1142 4187 1225 4262 aliis
1251 4187 1461 4291 quibusdam
1488 4187 1689 4285 soliloquiis
1715 4187 1811 4283 apud
1836 4188 2056 4263 Terentium.

426 4308 499 4386 Hic
526 4309 620 4384 enim
645 4316 761 4407 poeta,
799 4309 893 4405 qvod
920 4308 1066 4405 saepius
1090 4307 1256 4383 monendi
1282 4330 1393 4383 cansa
1417 4308 1495 4400 erit,
1523 4308 1689 4405 perbrevi
1714 4307 1893 4383 interdum
1918 4308 2057 4383 cantico

527 4536 560 4612 ⁴)
591 4534 665 4596 cttr.
693 4535 848 4610 Kayserns
876 4533 906 4590 in
936 4532 1152 4592 commentariis
1180 4532 1356 4593 Academiae
1378 4534 1541 4594 litterarum
1563 4532 1762 4600 Bauariensis‚
1784 4533 1835 4608 qvi
1858 4533 2057 4594 inscribuntur

429 4639 564 4701 Gelebrte
584 4640 745 4713 Anqueu,
769 4642 840 4696 tom.
863 4638 903 4696 47
927 4653 957 4711 p.
982 4637 1053 4695 283.

528 4758 579 4833 ⁴⁹⁴)
607 4758 645 4818 Iu
665 4758 725 4818 bac
738 4758 861 4833 minoe
878 4761 983 4831 partes
1003 4761 1079 4824 ruci,
1103 4761 1136 4814 ert
1158 4757 1276 4831 qnidam
1290 4763 1412 4832 poium,
1434 4757 1578 4817 Dernenc:
1599 4763 1633 4817 ui
1654 4759 1780 4831 quidone,
1802 4756 1882 4832 Syri.
1930 4756 2057 4828 Quodsi

425 4871 478 4931 eci,
501 4863 668 4938 cipriane
689 4860 784 4937 Syrus
805 4856 925 4926 babeat,
947 4858 1098 4918 secundae
1118 4859 1248 4920 Demeae
1268 4866 1362 4927 cuni,
1380 4862 1486 4920 tertiae
1499 4859 1647 4929 Miciouiu
1664 4863 1750 4920 etsie
1764 4861 1912 4935 deinceps.
1951 4859 2057 4930 ovam·

427 4983 513 5041 quam
535 4967 623 5026 eiiam
642 4970 719 5030 runi,
743 4965 790 5038 qvi
804 4968 918 5037 putant
934 4963 1051 5037 primas
1074 4962 1200 5022 Micioni
1221 4964 1350 5039 dendus,
1372 4963 1521 5023 secundos
1541 4962 1633 5038 Syro,
1657 4963 1762 5022 retias
1780 4962 1918 5021 Demeae.
1933 4992 1976 5004 -
1991 4960 2058 5039 Syri

427 5068 538 5129 nullum
561 5067 709 5130 canticum
732 5070 791 5135 cst3
815 5066 901 5141 quale
923 5081 989 5124 esse
1011 5083 1070 5125 non
1093 5070 1193 5141 potest
1215 5069 1338 5141 propter
1359 5081 1501 5124 summam
1521 5064 1696 5125 breuitatem
1719 5063 1904 5138 soliloquium
1924 5063 1953 5124 in
1970 5064 2057 5139 quin·

426 5188 484 5248 qus
507 5171 641 5232 uersibus
664 5172 842 5231 seu-591.
