4726 6270
464 515 506 578 64
1002 506 1226 577 Enussnus
1249 527 1276 576 r
1298 509 1472 578 Bausta

423 733 503 786 mus
528 718 631 784 aetus
656 707 704 782 ad
727 706 836 782 finem
861 707 1055 803 perductus
1081 715 1147 800 est,
1175 708 1325 784 alterum
1352 709 1497 784 eaedem
1522 709 1633 785 tibiae
1659 711 1842 786 commode
1867 734 2055 810 praepara·
2128 696 2131 701 ’

423 837 559 922 verunt,
587 851 658 926 qvo
683 828 721 903 in
747 836 830 902 actu
855 825 996 903 Cliniae
1024 828 1068 903 de
1094 828 1167 904 fide
1192 829 1399 926 Antiphilus
1425 830 1650 926 desperantis
1669 854 1833 928 magnus,
1854 833 1920 908 sed
1939 855 2055 908 vanus

421 973 534 1049 pavor
569 958 606 1024 et
640 947 799 1044 ejusdem
833 957 918 1044 post
947 948 1139 1023 adventum
1168 950 1310 1046 puellae
1337 950 1476 1024 laetitia
1499 951 1594 1025 inter
1619 952 1738 1025 omnia
1764 952 1932 1027 eminent.
1984 952 2055 1029 Vc

420 1094 498 1146 rum
532 1070 628 1144 hunc
661 1075 745 1166 post
779 1075 908 1159 actum,
936 1091 1018 1157 cum
1042 1069 1170 1146 felices
1197 1077 1357 1144 amantes
1383 1070 1488 1145 modo
1514 1079 1756 1146 convenerunt
1781 1073 1880 1147 etin
1905 1073 2056 1148 aedibus

422 1191 624 1269 Chremetis
651 1211 763 1264 coena
783 1187 941 1284 Jucunde
967 1189 1005 1263 in
1031 1212 1161 1263 novum
1189 1188 1282 1264 diem
1309 1191 1526 1285 producitur,
1560 1213 1640 1264 cum
1667 1190 1774 1265 etiam
1800 1191 1837 1266 iu
1865 1214 1907 1268 ec
1934 1200 1991 1267 est
2016 1202 2057 1267 ut

420 1310 577 1386 afflictus
612 1331 723 1384 senex
756 1306 988 1382 Menedemus
1022 1315 1106 1382 nato
1139 1309 1173 1383 ei
1198 1309 1420 1385 restituendo
1446 1310 1541 1385 omni
1567 1332 1654 1384 cura
1678 1311 1829 1402 levetur,
1857 1319 1894 1387 et
1918 1320 1958 1386 ut
1983 1310 2056 1386 An-

420 1430 550 1529 tiphila
582 1428 658 1503 filia
692 1426 894 1504 Chremetis
929 1450 1011 1502 esse
1046 1430 1255 1524 reperiatur,
1292 1453 1371 1504 cum
1403 1431 1458 1504 sic
1483 1432 1528 1505 ab
1554 1429 1623 1505 hac
1650 1438 1750 1527 parte
1772 1431 1849 1526 jam
1873 1431 1912 1506 in
1938 1431 2058 1506 media

420 1552 544 1627 fabula
577 1556 757 1646 tamquam
792 1572 812 1623 e
846 1548 936 1621 mari
970 1549 1171 1644 procelloso
1205 1550 1243 1623 in
1278 1557 1419 1646 portum
1451 1550 1682 1646 tranquillum
1708 1551 1910 1647 navigatur,
1937 1574 2056 1626 nonne

420 1680 494 1746 tam
525 1671 640 1745 laetas
666 1691 785 1744 rerum
810 1669 1025 1743 mutationes
1051 1668 1145 1743 inter
1170 1677 1288 1744 actum
1315 1670 1465 1744 alterum
1490 1677 1527 1745 et
1552 1669 1695 1744 tertium
1720 1670 1867 1744 mutatis
1892 1670 1993 1745 tibiis
2020 1680 2056 1746 et

423 1792 571 1867 duarum
597 1790 800 1864 dextrarum
827 1788 962 1863 dextris
988 1788 1165 1863 ominibus
1191 1789 1344 1863 indicari
1369 1789 1509 1865 decuit?
1554 1788 1627 1865 Sed
1653 1789 1800 1865 eaedem
1825 1790 1946 1882 tibiae,
1974 1813 2055 1868 cum

422 1911 533 1988 semel
568 1895 842 1999 successissent,
877 1909 915 1983 in
949 1908 1089 2005 reliqva
1112 1908 1245 1999 fabula,
1273 1910 1311 1984 id
1337 1910 1432 2005 qvod
1457 1909 1656 1984 didascalia
1682 1910 1796 2001 docet,
1824 1933 1953 1986 canere
1977 1933 2055 2008 per·

419 2038 598 2108 rexerunt.
651 2029 702 2104 Bt
735 2028 859 2126 quidni
890 2029 1137 2125 perrexerint?
1188 2029 1289 2119 Qvae
1325 2038 1409 2104 sunt
1442 2030 1494 2105 ibi
1526 2031 1732 2122 infortunia,
1767 2053 1917 2126 quorum
1946 2054 2056 2106 causa

421 2155 515 2228 inter
539 2160 642 2226 actus
668 2150 815 2225 retineri
841 2172 913 2223 non
938 2149 1140 2245 potuerint?
1191 2148 1399 2240 Videamus,
1428 2151 1603 2248 quomodo
1629 2173 1689 2225 res
1715 2173 1756 2225 se
1777 2150 1934 2226 habeant
1954 2150 2055 2226 Cliti·

367 2300 370 2306 ’
419 2273 561 2371 phonis,
598 2271 812 2360 Chremetis,
841 2268 939 2369 Syri.
994 2269 1114 2365 Hujus
1139 2277 1328 2365 postquam
1354 2270 1428 2345 doli
1450 2272 1526 2365 jam
1553 2278 1659 2346 antea
1682 2293 1856 2368 prospero
1882 2294 2055 2347 successu

419 2394 503 2468 nexi
538 2399 632 2482 sunt,
669 2413 763 2465 nuno
798 2391 883 2464 novi
915 2391 1138 2463 continenter
1162 2398 1361 2464 nectuntur.
1414 2390 1609 2465 Induxerat
1634 2391 1672 2465 in
1699 2390 1840 2466 domum
1866 2391 1945 2466 heri
1970 2392 2054 2466 ami·

420 2537 499 2588 cam
525 2511 745 2608 Clitiphonis
771 2509 1000 2600 Bacchidem,
1028 2511 1132 2605 cujus
1158 2510 1191 2583 is
1217 2518 1366 2605 aspectu
1392 2519 1429 2585 et
1454 2533 1617 2585 sermone
1644 2533 1764 2586 coram
1783 2520 1885 2608 patre
1903 2512 2053 2609 decepto

419 2633 560 2723 fruitur,
596 2654 666 2727 qva
700 2653 784 2706 mox
814 2631 851 2704 in
882 2629 991 2705 aedes
1017 2628 1220 2704 Menedemi
1244 2630 1407 2704 traducta
1430 2631 1640 2727 plenissime
1665 2631 1800 2727 potitus
1827 2654 1909 2707 esse
1934 2655 2054 2707 narra·

418 2762 478 2828 tur
504 2753 586 2849 (act.
615 2759 637 2828 5
665 2773 716 2824 sc.
748 2756 763 2825 1
795 2772 830 2822 v.
859 2753 906 2825 29
935 2749 1042 2846 sqq.).
1094 2748 1196 2823 Haec
1221 2750 1383 2841 lascivia,
1405 2751 1500 2824 sicut
1518 2774 1572 2841 ea,
1595 2774 1701 2847 qvam
1719 2750 1757 2825 in
1774 2750 1949 2828 Eunucho
1967 2752 2053 2828 item

420 2874 512 2948 duae
539 2872 684 2946 dextrae
709 2869 819 2944 tibiae
846 2870 1126 2959 celebraverunt,
1155 2869 1252 2944 haud
1277 2870 1384 2945 dubie
1411 2871 1497 2944 olim
1522 2894 1594 2945 non
1619 2870 1700 2945 visa
1726 2879 1782 2945 est
1807 2872 1880 2946 nisi
1905 2872 2053 2969 perridi

419 2994 511 3068 cula·
552 2989 710 3065 Intendit
736 2986 854 3088 Syrus
881 2989 988 3062 etiam
1013 2989 1189 3080 fallacias,
1217 2990 1347 3084 qvibus
1366 2999 1553 3086 argentum
1572 2988 1744 3085 Clitipho,
1767 2991 1862 3088 qvod
1880 2992 2053 3068 Bacchidi

420 3112 490 3202 det,
526 3112 691 3207 accipiat.
744 3109 887 3206 Accipit
912 3133 935 3183 a
959 3118 1072 3206 patre,
1106 3111 1168 3206 qui
1192 3110 1301 3206 paulo
1327 3118 1409 3205 post
1435 3111 1621 3207 cognoscit
1647 3132 1688 3184 se
1714 3111 1864 3207 turpiter
1888 3110 2053 3187 delusum

419 3255 534 3329 neqve
562 3255 644 3307 esse
670 3230 886 3305 Bacchidem
911 3230 1062 3304 amicam
1080 3229 1233 3306 Cliniae.
1274 3230 1369 3320 Quid
1388 3230 1569 3327 sequitur?
1607 3228 1727 3306 Senex
1742 3230 1972 3306 vehementer
1988 3231 2052 3308 ille

419 3353 562 3450 qvidem
588 3351 753 3426 irascitur
779 3358 816 3426 et
841 3351 1006 3440 minatur,
1034 3348 1329 3446 quemadmodum
1354 3349 1449 3425 idem
1468 3359 1575 3425 antea
1593 3351 1706 3440 uxori,
1728 3351 1823 3447 qvod
1842 3351 1937 3425 dicto
1954 3352 2053 3427 audi·

419 3496 484 3549 ens
514 3473 586 3549 sibi
614 3497 686 3548 uon
710 3472 851 3560 luisset,
877 3471 1062 3568 paulisper
1088 3479 1294 3555 succenset;
1322 3493 1365 3544 ac
1390 3493 1541 3567 poenam
1568 3471 1664 3546 subit
1684 3471 1924 3566 justissimam
1951 3473 2053 3548 brevi

416 3595 554 3684 timore,
590 3616 636 3668 ne
671 3592 871 3688 expellatur
902 3599 938 3665 et
963 3591 1209 3680 exheredetur,
1236 3591 1424 3686 impudens
1449 3591 1561 3680 lilius3
1589 3591 1672 3665 huic
1697 3614 1784 3666 vero
1809 3614 1903 3683 mox,
1930 3592 2052 3690 depre

417 3715 583 3790 cantibus
616 3736 681 3810 pro
716 3735 760 3787 eo
794 3720 907 3785 matre
940 3719 976 3786 et
1001 3709 1222 3800 Menedemo,
1250 3734 1397 3785 uxorem
1424 3733 1464 3784 se
1491 3710 1677 3785 ducturum
1702 3711 1923 3807 promittenti
1948 3712 2053 3788 datur

417 3836 534 3926 venia,
562 3842 669 3931 atqve
694 3832 895 3928 ignoscitur
920 3832 1027 3906 etiam
1055 3829 1150 3930 Syro
1176 3854 1248 3905 non
1273 3831 1409 3927 punito,
1438 3831 1500 3927 qvi
1516 3852 1708 3926 numqvam
1727 3831 1882 3905 animum
1901 3832 2051 3930 despon-

419 3955 530 4029 derat.
583 3954 678 4028 Num
713 3953 826 4048 igitur
860 3952 928 4027 hae
958 3953 1034 4027 irae
1064 3959 1101 4027 et
1125 3951 1254 4040 minae,
1283 3973 1367 4024 num
1392 3950 1432 4024 hi
1456 3951 1613 4041 timores,
1641 3951 1703 4046 qvi
1729 3958 1802 4025 tam
1826 3952 1899 4027 cito
1925 3975 2052 4028 evanc

418 4082 533 4165 scunt,
562 4075 704 4149 efficere
730 4073 939 4163 debuerunt,
967 4095 1013 4147 ne
1038 4072 1149 4146 tibiae
1174 4071 1268 4145 inter
1293 4078 1395 4145 actus
1422 4093 1532 4146 sonos
1557 4070 1673 4145 laetos
1699 4070 1866 4146 ederent?
1916 4072 2051 4148 Intelli-

418 4202 507 4292 gant
539 4193 577 4284 ii,
614 4194 676 4290 qvi
711 4192 857 4268 dextras
891 4192 999 4267 tibias
1033 4192 1156 4266 tristes
1191 4192 1481 4287 interpretantur,
1517 4213 1622 4287 qvam
1649 4191 1755 4266 valde
1781 4192 1988 4284 erraverint,
2015 4201 2051 4267 et

417 4319 587 4410 quantum
615 4334 678 4387 eos
705 4312 891 4387 consilium
917 4318 1045 4409 poetae
1072 4318 1108 4384 ct
1132 4310 1240 4406 hujus
1266 4310 1470 4386 comoediae
1495 4311 1587 4386 ratio
1608 4311 1777 4386 fefellerit
1789 4312 1836 4409 ⁴¹).
1878 4310 2051 4410 Superest

417 4441 547 4524 autem,
583 4440 622 4507 ut
656 4431 701 4505 de
733 4432 873 4506 cantico
903 4431 1102 4529 posteriorc
1132 4431 1330 4528 loquamur,
1357 4430 1453 4527 qvod
1479 4453 1593 4526 nuper
1618 4431 1880 4508 Wilmannsius
1906 4434 1956 4529 (p.
1984 4432 2050 4527 42)

417 4560 541 4628 eontra
575 4551 797 4627 Boeckhium
832 4553 958 4628 testari
992 4551 1101 4626 tibias
1136 4551 1282 4626 dextras
1315 4550 1485 4646 graviter,
1513 4551 1628 4642 triste,
1655 4559 1802 4642 maeste,
1829 4575 1901 4628 non
1926 4559 2051 4628 contra

518 4760 550 4834 l)
573 4760 715 4821 Boeckhii
738 4760 775 4820 de
797 4759 909 4818 musica
931 4758 1020 4836 hujus
1041 4757 1160 4819 fabulae
1181 4756 1273 4818 verba
1295 4761 1338 4833 (p.
1364 4760 1439 4833 168)
1461 4758 1567 4818 afferre
1584 4758 1686 4836 juvat:
1711 4759 1774 4819 Iler
1789 4759 2049 4821 Heautontimoru-

416 4879 524 4932 menos,
548 4866 603 4923 der
625 4863 758 4938 ausones
778 4861 932 4922 coturlict
951 4862 1081 4936 meniaer
1102 4863 1191 4936 lusda
1212 4863 1257 4932 ist,
1280 4861 1362 4920 tutte
1382 4863 1598 4922 vomeuherein
1618 4864 1667 4923 die
1689 4862 1788 4924 Mustlc
1808 4864 1966 4939 impurium
1984 4862 2050 4924 uos
2167 4863 2172 4871 '

417 4982 511 5039 amm,
541 4965 650 5027 melche
678 4981 734 5026 oue
755 4964 883 5026 Ducant
902 4963 967 5024 aad
986 4963 1066 5025 Basa
1087 4968 1364 5037 zusammenaeretzt
1384 4963 1436 5032 ist·
1457 4963 1592 5025 deauco
1612 4965 1689 5025 rvtrd
1710 4981 1743 5025 er
1764 4965 1816 5025 mit
1837 4963 1954 5026 duabsu
1975 4966 2049 5027 dcx·

417 5070 471 5129 tris
489 5069 675 5143 scripererzt.
720 5068 789 5128 Alco
812 5067 862 5127 die
881 5065 1049 5140 puellule
1068 5065 1270 5141 Kutustroplre
1289 5067 1375 5127 sollte
1392 5068 1444 5126 mit
1466 5069 1639 5142 rrumpere
1663 5068 1763 5128 Tdnea
1780 5067 2049 5144 heptateucum

414 5187 500 5249 repo,
524 5173 569 5233 uls
590 5171 646 5232 der
667 5171 809 5246 Ausona?
846 5169 1035 5245 Uamdplico!
1067 5169 1203 5230 Dextrae
1223 5172 1339 5229 murrea
1358 5169 1469 5230 totae
1491 5169 1572 5233 dee
1591 5170 1699 5232 talea
