4726 6270
895 532 1105 612 ovaacona·
1123 531 1341 599 Terentianae.
1852 536 1892 599 75

304 741 390 811 suat
412 776 463 790 -
488 757 560 810 non
585 734 638 809 ita
661 733 748 808 licet
773 731 1010 830 interpretari,
1037 739 1078 806 ut
1104 729 1267 806 diverbia
1291 730 1537 828 intelligamus
1563 734 1714 809 canticis
1734 735 1937 831 interjecta

304 854 382 944 sed,
409 877 500 951 qvae
525 853 598 928 alia
622 852 785 927 diverbia
810 852 985 943 dicantur,
1011 851 1072 925 hic
1098 852 1211 926 oritur
1238 852 1411 950 qvaestio.
1455 853 1587 928 Totam
1608 854 1765 930 fabulam
1786 880 1806 930 e
1826 855 1938 931 diver·

304 974 375 1051 biis
402 983 439 1049 et
463 973 615 1048 candeio
640 971 872 1067 compositam
898 971 1005 1047 valde
1030 970 1212 1067 placuisse
1237 972 1493 1066 grammaticus
1519 973 1617 1065 dicit,
1646 975 1679 1049 si
1705 976 1846 1072 vulgari
1868 977 1939 1073 opi-

305 1095 412 1168 nione
447 1092 606 1168 contenti
639 1092 783 1166 erimus.
836 1091 880 1165 Id
915 1113 1000 1165 vero
1034 1090 1183 1166 mirifice
1219 1092 1290 1166 sibi
1321 1116 1528 1190 repugnans
1561 1103 1722 1170 narraret
1748 1097 1792 1171 de
1818 1097 1941 1171 fabula

305 1221 420 1314 saepe
445 1212 610 1305 excluso,
636 1220 677 1287 ut
701 1212 781 1307 ipse
808 1211 965 1307 loqvitur
989 1211 1097 1306 paulo
1123 1218 1217 1302 ante,
1245 1212 1307 1307 qvi
1332 1212 1460 1288 deinde
1486 1213 1532 1288 ad
1558 1215 1701 1311 prologi
1727 1238 1820 1290 vers.
1852 1223 1867 1292 1
1896 1216 1941 1291 de

305 1333 364 1408 his
396 1333 547 1428 explosa
578 1331 682 1427 plura
705 1329 864 1405 tradidit.
916 1329 1078 1422 Attum,
1106 1353 1186 1406 cum
1212 1331 1355 1406 tandem
1382 1333 1482 1408 stetit
1506 1334 1640 1425 fabula,
1668 1342 1779 1409 totam
1806 1358 1942 1411 summo

306 1456 430 1528 favore
467 1459 652 1548 exceptam
686 1473 769 1525 esse
795 1450 902 1525 dicit?
951 1450 1009 1524 Ne
1034 1449 1072 1524 id
1098 1451 1251 1546 qvidem,
1279 1460 1319 1525 ut
1343 1452 1484 1547 opinor;
1512 1476 1725 1550 qvamqvam
1751 1478 1821 1529 non
1848 1478 1943 1552 nego

307 1573 366 1648 his
400 1572 534 1662 verbis,
569 1579 610 1646 ut
644 1592 738 1645 nunc
764 1577 848 1644 sunt
874 1577 1064 1666 corrupta,-
1081 1571 1301 1647 comoediam
1326 1578 1436 1646 totam
1463 1573 1647 1670 designari
1673 1575 1797 1649 videri.
1851 1575 1946 1649 Mira

309 1699 407 1768 esset
432 1691 632 1788 pertinacia
656 1690 694 1764 in
721 1689 913 1764 eorundem
938 1690 1128 1764 verborum
1154 1691 1377 1787 repetitione,
1413 1691 1510 1766 siin
1537 1693 1692 1789 singulis
1718 1695 1944 1790 praefationi-

308 1814 377 1889 bus
402 1812 580 1902 Donatus,
607 1811 671 1885 ubi
696 1811 740 1884 de
766 1810 883 1905 prima
907 1809 1080 1906 primisvc
1105 1810 1317 1902 actionibus,
1342 1819 1378 1886 et
1397 1835 1501 1908 qvem
1520 1835 1723 1888 successum
1743 1815 1944 1906 habuerint,

309 1933 430 2023 refert,
457 1930 602 2007 cantico
628 1935 666 2004 et
689 1927 855 2005 diverbia
880 1930 1096 2026 conjunctim
1123 1953 1414 2022 commemorans,
1442 1934 1547 2030 (qvae
1574 1935 1748 2009 vocabula
1769 1936 1875 2010 etiam
1896 1937 1946 2010 in·

310 2075 417 2129 verso
449 2051 574 2127 ordine
604 2049 809 2147 ponuntur),
837 2050 928 2123 nihil
954 2050 1027 2124 nisi
1053 2049 1197 2127 candeo
1223 2049 1423 2150 etreliqua
1449 2052 1571 2129 omniu
1597 2054 1851 2151 significasset,
1880 2079 1947 2130 nec

310 2174 441 2272 potius,
468 2178 509 2247 ut
533 2172 573 2246 in
592 2170 754 2261 canticis,
775 2170 827 2243 ita
844 2171 883 2243 iu
901 2168 1074 2245 diverhiis
1091 2192 1232 2267 qvoqve
1251 2177 1372 2266 partes
1391 2171 1562 2267 qvasdam
1579 2181 1722 2270 praeter
1739 2183 1858 2250 cetera
1878 2178 1946 2250 sin·

313 2294 469 2392 gillatim
494 2290 744 2366 memorabiles
769 2290 926 2387 intelligi
951 2290 1136 2365 voluisset.
1189 2289 1233 2364 Id
1258 2290 1376 2386 ipsum
1402 2299 1521 2367 autem
1547 2292 1585 2366 in
1611 2295 1740 2369 ceteris
1759 2296 1947 2392 praelatio·

313 2415 421 2489 nihus
455 2412 542 2511 (nisi
576 2410 671 2507 qvod
703 2410 767 2484 alii
801 2411 1086 2508 interpretationi
1120 2410 1158 2483 in
1188 2409 1338 2502 Andria,
1369 2394 1524 2486 fortasse
1550 2412 1669 2488 minus
1694 2422 1803 2504 recte,
1831 2415 1947 2489 locum

314 2532 573 2628 concessimus)
600 2553 680 2605 eum
705 2529 839 2605 fecisse
861 2530 937 2625 jam
964 2531 1179 2627 explicatum
1206 2537 1272 2604 est.
1326 2529 1422 2621 Qvid
1449 2531 1560 2628 igitur
1585 2534 1716 2608 multa?
1761 2534 1842 2609 Hoc
1867 2536 1948 2610 loco

313 2654 361 2730 ad
386 2653 570 2752 Hecyram
596 2651 762 2725 Donatus
788 2651 970 2725 modulata
994 2651 1041 2726 ad
1067 2650 1175 2725 tibias
1201 2651 1364 2726 diverbia
1383 2651 1484 2742 dixit,
1506 2658 1542 2726 et
1562 2675 1606 2726 ea
1625 2653 1766 2750 qvidem
1784 2656 1949 2751 longiora

314 2773 488 2872 qvaedam
524 2780 560 2846 et
595 2771 788 2868 separatim
822 2793 887 2866 per
920 2793 972 2862 se,
1008 2793 1079 2844 non
1114 2771 1271 2846 breviter
1295 2771 1335 2845 iu
1360 2772 1489 2846 mediis
1516 2773 1677 2866 canticis,
1705 2777 1946 2870 pronuntiata:

315 2917 407 2992 qvae
442 2892 603 2968 diverbia
638 2914 718 2977 cum
753 2891 904 2965 canticis
938 2890 977 2964 in
1006 2891 1115 2964 tertia
1140 2897 1236 2965 certe
1261 2891 1402 2966 actione
1429 2893 1634 2969 comoediae
1659 2916 1795 2971 rumano
1816 2895 1951 2990 sorore

315 3012 532 3115 escator)
559 3034 641 3086 esse
667 3010 921 3107 grammaticus
947 3011 1099 3084 relatum
1123 3010 1263 3106 legerat
1289 3011 1414 3084 autin
1440 3011 1616 3088 Varronis
1642 3014 1744 3089 libris
1771 3015 1816 3088 de
1842 3016 1950 3090 actio·

315 3135 422 3209 nibus
457 3133 623 3222 scenicis,
661 3154 765 3228 qvem
801 3131 1010 3227 scriptorem
1043 3130 1080 3203 iu
1107 3130 1269 3225 ejusdem
1297 3131 1499 3207 comoediae
1525 3145 1735 3229 argumento
1763 3135 1807 3209 de
1834 3136 1951 3209 distri·

316 3254 461 3330 butione
487 3261 630 3328 actuum
656 3259 838 3326 auctorem
864 3251 951 3325 citat
963 3251 1031 3347 111),
1063 3257 1125 3324 aut
1150 3250 1189 3324 in
1214 3250 1505 3324 annotationibus
1532 3274 1552 3326 e
1579 3253 1754 3329 Varronis
1781 3277 1888 3350 opere
1916 3263 1952 3329 et

316 3373 460 3449 aliunde
486 3373 525 3447 iu
550 3372 642 3468 ipsis
668 3370 830 3446 Terentii
856 3371 960 3445 libris
985 3378 1060 3444 tum
1086 3371 1266 3466 ascriptis,
1295 3369 1461 3466 qualibus
1487 3371 1646 3446 fontibus
1668 3374 1891 3448 secundariis
1913 3375 1951 3448 in

317 3495 523 3571 universum
549 3492 715 3566 Donatus
740 3492 779 3565 iu
804 3491 1085 3588 praefationibus
1113 3491 1190 3565 suis
1218 3513 1303 3564 usus
1330 3512 1417 3564 saue
1444 3490 1586 3565 videtur
1597 3492 1687 3585 sup
1710 3535 1755 3546 -
1777 3493 1889 3568 Plene
1909 3517 1951 3568 ac

318 3623 416 3690 certo
443 3635 649 3688 enumerare
675 3634 747 3686 non
773 3633 977 3706 possumus,
1006 3612 1070 3685 sed
1096 3611 1322 3706 aliqvatenus
1348 3611 1476 3685 saltem
1498 3634 1565 3686 nec
1584 3619 1716 3687 temere
1736 3615 1950 3709 conjectare,

319 3757 411 3832 qvae
440 3734 479 3808 iu
504 3733 653 3833 Hecyra
678 3732 840 3807 diverbia
865 3731 1043 3806 modulate
1070 3730 1116 3806 ad
1142 3731 1250 3805 tibias
1276 3733 1505 3826 pronuntiata
1530 3740 1566 3806 et
1592 3732 1670 3806 sine
1697 3732 1805 3808 dubio
1832 3735 1950 3825 simul,

316 3854 355 3930 id
382 3855 475 3951 qvod
501 3855 613 3928 totius
639 3853 785 3949 generis
810 3853 929 3942 fuerit,
957 3874 1037 3925 cum
1064 3872 1195 3947 magno
1221 3849 1373 3946 quodam
1399 3851 1524 3945 vigore
1550 3859 1677 3946 gestus
1703 3861 1783 3927 acta
1801 3855 1951 3950 plausus

317 3975 443 4072 populi
468 3975 626 4049 tulerint.
680 3974 795 4047 Actus
823 3979 844 4050 2
874 3980 910 4047 et
937 3977 958 4049 3
986 3972 1126 4045 initium
1152 3977 1307 4060 sumunt,
1335 3970 1397 4044 ille
1417 3971 1463 4043 ab
1483 3970 1653 4046 Lachetis
1672 3995 1817 4048 uxorem
1836 3974 1952 4069 objur-

317 4096 440 4193 gantis
475 4103 512 4169 et
547 4093 732 4170 Sostratae
766 4116 831 4190 pro
867 4116 907 4167 se
934 4115 1079 4167 causam
1106 4090 1259 4164 dicentis
1286 4112 1449 4164 sermone
1476 4091 1689 4183 turbulento,
1717 4093 1776 4167 hic
1803 4118 1826 4167 a
1850 4094 1952 4168 Pam-

316 4216 419 4313 phili,
447 4215 507 4312 qvi
532 4216 646 4290 redux
670 4215 709 4288 iu
735 4214 886 4311 patriam
912 4213 1031 4286 lactus
1057 4211 1176 4286 omnia
1202 4210 1246 4296 de
1267 4211 1421 4307 conjuge
1441 4211 1552 4302 timet,
1572 4212 1750 4308 colloqvio
1769 4236 1849 4288 eum
1869 4215 1953 4288 Par·

317 4358 479 4425 menone,
517 4335 578 4431 qvi
612 4356 706 4408 nova
732 4356 878 4408 narrare
904 4332 1109 4430 properavit
1134 4338 1170 4405 et
1196 4353 1290 4406 nunc
1313 4353 1462 4428 aegrum
1487 4330 1565 4405 heri
1591 4332 1747 4407 animum
1774 4333 1952 4407 consolari

420 4542 453 4619 1)
483 4541 642 4602 Videlicet:
671 4541 710 4602 ob
733 4540 899 4612 actoridem
924 4540 979 4600 uisi
1003 4539 1125 4600 verbum
1148 4538 1319 4600 mendosum
1342 4544 1398 4599 est.
1441 4539 1517 4598 Nam
1539 4538 1583 4600 sic
1603 4539 1776 4616 simpliciter
1796 4541 1867 4615 poni
1888 4558 1953 4600 sra-

319 4653 405 4720 cepto
426 4662 481 4721 pro
504 4653 630 4720 oceepm
652 4645 700 4703 vel
722 4651 848 4720 accepto
870 4642 920 4702 vix
942 4642 1050 4719 potuit.

421 4763 472 4840 ”p
499 4765 545 4824 De
573 4764 690 4824 actibus
712 4764 830 4824 locutus
852 4763 950 4824 addit:
981 4764 1075 4824 Docet
1097 4770 1196 4823 aulem
1225 4762 1322 4823 Varro
1345 4778 1438 4837 neqve
1458 4764 1489 4824 in
1511 4763 1571 4824 hoe
1588 4761 1699 4837 fabola
1720 4779 1813 4838 nepae
1834 4765 1865 4824 in
1887 4766 1954 4824 olba

320 4881 382 4926 esve
409 4868 588 4943 meandum,
618 4869 697 4941 qvod
724 4876 809 4927 octav
837 4868 966 4943 impares
994 4882 1152 4927 recemum
1172 4867 1414 4942 paginarumque
1434 4867 1493 4926 sint
1513 4882 1646 4943 numero,
1670 4882 1735 4926 cum
1757 4865 1834 4927 hoec
1855 4867 1954 4926 datm·

321 4967 401 5028 bario
422 4970 455 5030 io
475 4985 576 5030 rerum
598 4971 807 5044 coemptione,
836 4986 898 5029 aon
919 4970 950 5029 in
971 4984 1094 5030 nummo
1117 4985 1252 5030 coaeum
1274 4971 1434 5029 coroticum
1454 4971 1501 5046 eir,
1525 4984 1586 5028 non
1608 4970 1693 5045 apud
1712 4969 1836 5028 Latinos
1856 4970 1953 5033 modo.

320 5086 421 5132 aaron
443 5073 532 5133 etiam
553 5074 637 5150 apud
660 5072 792 5133 Graeca
813 5075 902 5148 ipsea

423 5190 493 5269 aaa)
521 5192 555 5255 V.
579 5192 616 5254 de
639 5193 695 5254 hac
717 5212 758 5266 ro,
782 5193 861 5270 qvod
884 5192 956 5254 dicit
977 5192 1155 5254 Ritachelius
1178 5191 1196 5251 1.
1219 5210 1244 5250 c.
1268 5209 1296 5267 p.
1323 5193 1393 5251 322.
