4726 6270
967 494 1170 572 ροοοοοίοοιοο
1195 495 1413 562 Terentianae·
1914 499 1954 561 45

368 693 592 791 longitudine
608 693 779 791 temporis
797 701 911 768 semet
926 693 1076 769 fallendi
1093 693 1296 790 eripuisset
1336 693 1511 769 Intaetum
1530 693 1695 768 mendum
1713 694 1857 790 rquuit
1869 694 1996 769 Fleck-

369 815 525 905 eisenus,
561 815 622 912 qui
655 813 795 889 actibus
825 820 922 890 recte
948 813 1204 890 distribuendis
1229 813 1303 888 alia
1327 814 1484 890 absurda
1509 813 1665 889 sustulit.
1720 812 1792 890 Sed
1818 813 1887 889 hoc
1913 838 1996 912 quo·

368 957 437 1031 que
470 934 595 1009 uitium
629 933 801 1030 perfacile
834 933 982 1026 tollitur,
1019 935 1051 1009 si
1085 934 1224 1008 initium
1257 941 1361 1009 actus
1396 934 1448 1010 4zi
1472 934 1646 1030 repetitur
1671 957 1694 1008 a
1718 958 1753 1007 u.
1783 939 1867 1012 539.
1923 933 1998 1010 Ubi

368 1055 475 1130 etiam
508 1055 634 1151 regula
667 1053 830 1130 adhiberi
863 1061 992 1150 potest,
1029 1078 1134 1151 quam
1168 1056 1333 1130 Donatus
1367 1054 1488 1151 posuit
1518 1054 1557 1128 in
1582 1062 1794 1151 argumento
1818 1055 1994 1130 Andriae:

367 1173 441 1251 Est
461 1174 573 1272 iqitur
598 1178 733 1250 attente
758 1172 1126 1267 animaduertendum,
1152 1173 1215 1250 ubi
1240 1179 1278 1249 et
1300 1172 1443 1273 quondo
1468 1197 1580 1250 scene
1606 1196 1721 1250 cerea
1745 1173 1797 1250 ait
1820 1171 1867 1250 eb
1888 1174 1997 1249 omni·

368 1293 437 1371 bro
452 1293 645 1394 personis:
675 1335 720 1348 -
750 1336 795 1348 -
826 1335 869 1348 -
898 1291 950 1370 ibi
976 1299 1094 1370 ecura
1120 1316 1202 1370 esse
1224 1293 1366 1391 finitum
1392 1291 1562 1373 debemus
1588 1315 1798 1392 renoscere.
1841 1292 1931 1391 (Cir.
1958 1319 1994 1391 p.

368 1414 578 1510 utsupra).
631 1414 725 1489 Nam
758 1414 805 1488 ad
839 1437 969 1490 scenae
1003 1414 1201 1509 superioris
1235 1437 1377 1488 uersum
1412 1414 1667 1510 paenultimum
1701 1414 1885 1505 Chremes,
1914 1423 1996 1510 post

367 1534 528 1610 ultimum
561 1533 694 1609 Dorias
730 1541 766 1608 et
799 1534 954 1633 Pythias
987 1534 1184 1609 discedunt.
1238 1535 1363 1630 Neque
1389 1535 1470 1626 erit,
1496 1535 1591 1630 quod
1617 1534 1780 1631 cuiquam
1807 1535 1997 1630 displiceat

367 1654 524 1730 brevitas
551 1661 654 1728 actus
682 1654 756 1745 32ii,
783 1654 841 1728 cui
868 1654 923 1729 sic
947 1677 1075 1730 uersus
1100 1655 1205 1729 modo
1232 1663 1426 1750 supersunt
1456 1660 1538 1745 148,
1571 1654 1864 1750 quemadmodum
1889 1653 1997 1729 Adel·

366 1773 516 1871 phorum
543 1773 701 1849 secundo
727 1782 811 1849 suut
840 1778 910 1852 133
938 1782 975 1849 et
999 1775 1168 1874 Hecyrae
1194 1773 1310 1848 eidem
1335 1774 1432 1850 actui
1458 1778 1518 1850 83.

466 1893 640 1970 Redimus
673 1894 720 1969 ad
746 1893 897 1969 cantica.
950 1894 1097 1969 Nullum
1123 1895 1243 1968 estin
1269 1902 1351 1969 actu
1377 1894 1492 1968 tertio.
1548 1891 1715 1990 Sequitur
1740 1894 1779 1967 in
1804 1901 1929 1990 quarto
1956 1892 1996 1967 il·

365 2014 438 2104 lud,
465 2014 511 2089 de
536 2037 606 2110 quo
632 2014 765 2091 mentio
786 2015 863 2111 jam
887 2015 984 2089 facta
1010 2022 1076 2105 est,
1104 2013 1298 2105 Chaereae,
1326 2015 1421 2111 quod
1446 2013 1646 2088 continetur
1671 2012 1778 2109 hujus
1799 2021 1901 2088 actus
1921 2036 1995 2087 sce·

365 2157 433 2209 nae
468 2141 548 2211 2:ae
583 2134 714 2231 (adhuc
748 2134 951 2231 appellatae
987 2141 1067 2212 52ae
1101 2142 1169 2209 act.
1205 2135 1282 2230 aii)
1313 2133 1480 2209 uersibus
1511 2135 1734 2230 1-8(v.f.
1765 2137 1992 2226 utu—556).

364 2254 399 2328 A
430 2254 621 2330 trochaicis
653 2255 864 2351 septenariis
891 2255 1030 2330 duobus
1055 2276 1186 2345 orsum,
1213 2277 1295 2329 mox
1320 2255 1358 2329 in
1383 2254 1556 2329 iambicos
1581 2254 1732 2351 primum
1758 2254 1993 2350 septenarios,

365 2373 494 2449 deinde
519 2375 721 2450 octonarios
746 2374 938 2466 transiens,
965 2374 1150 2448 uictoriam
1176 2381 1297 2449 cantat
1321 2381 1422 2448 tanta
1442 2374 1638 2465 alacritate,
1661 2374 1713 2449 ita
1732 2374 1900 2448 refertum
1918 2372 1995 2447 leli·

364 2494 472 2569 citate
499 2495 670 2569 amatoria
696 2502 732 2570 et
757 2495 878 2591 gestui
902 2495 1076 2569 acerrimo
1102 2494 1400 2590 opportunitatem
1427 2496 1592 2585 offerens,
1620 2501 1670 2585 ut,
1698 2494 1768 2569 etsi
1793 2495 1902 2568 breue
1925 2502 1993 2580 est,

364 2614 508 2689 minime
542 2615 747 2712 ambiguum
782 2615 955 2707 uideatur,
991 2614 1077 2710 quin
1112 2615 1160 2689 sit
1194 2615 1381 2690 canticum.
1434 2615 1483 2689 Et
1517 2614 1609 2688 dixit
1641 2623 1783 2711 praeter
1808 2612 1993 2688 Wolffium

364 2733 549 2830 Beniejua.
589 2776 633 2788 -
671 2733 745 2810 Sed
779 2735 894 2810 sicubi
929 2734 1118 2810 admodum
1152 2736 1261 2810 breue
1296 2735 1471 2810 canticum
1506 2735 1653 2810 allatum
1680 2742 1736 2809 est
1761 2758 1784 2807 a
1809 2732 1993 2821 Terentio,

363 2853 524 2950 proxime
549 2862 611 2929 aut
635 2855 830 2929 antecessit
855 2862 916 2930 aut
942 2854 1104 2951 sequitur
1128 2855 1237 2947 ahud,
1265 2862 1302 2930 et
1327 2855 1381 2930 sic
1407 2854 1515 2950 hujus
1542 2854 1710 2928 carminis
1730 2854 1888 2928 brevitas
1909 2875 1994 2926 nun·

362 2973 430 3047 tiat
463 2973 561 3048 aliud
596 2974 772 3070 quoddam
803 2997 876 3050 non
905 2974 1015 3071 longe
1041 2976 1182 3050 abesse.
1235 2975 1323 3051 Ideo
1348 2997 1487 3072 quoque
1514 2974 1692 3050 canficum
1718 2972 1994 3050 existimandum

363 3092 400 3167 id
435 3093 539 3168 nobis
573 3094 725 3185 uidetur,
761 3096 856 3190 quod
890 3096 928 3169 in
961 3102 1030 3169 act.
1067 3095 1118 3170 ni
1152 3118 1203 3169 sc.
1241 3099 1300 3173 3:a
1332 3093 1991 3193 (vulg01:a),inv.f.615-628,

363 3212 533 3289 Wolifins
559 3237 631 3289 non
657 3215 736 3290 sine
762 3215 883 3311 aliqua
908 3214 1127 3290 dubitatione
1153 3215 1300 3306 notauit,
1321 3213 1508 3314 Grysarua
1526 3237 1612 3290 uero
1630 3216 1675 3289 ob
1694 3237 1772 3289 eam
1789 3237 1876 3303 rem,
1898 3212 1993 3308 quod

363 3353 435 3407 non
460 3341 517 3409 est
541 3356 717 3430 personae
742 3335 781 3409 iu
806 3335 929 3409 fabula
954 3335 1144 3410 eminentis
1169 3334 1238 3410 hoc
1264 3333 1492 3431 soliloquium
1517 3334 1687 3411 Doriadis
1713 3333 1878 3423 ancillae,
1912 3355 1992 3406 can·

363 3451 472 3528 ticum
498 3476 580 3528 esse
605 3461 715 3551 negat
741 3456 789 3552 (p.
819 3457 921 3552 370).
976 3453 1093 3550 Supra
1118 3455 1289 3529 monitum
1316 3462 1372 3530 est
1390 3462 1515 3530 contra
1531 3455 1650 3551 legem
1667 3455 1766 3529 illam
1784 3477 1807 3526 a
1825 3452 1992 3552 Grysaro

302 3627 310 3636 .
363 3573 592 3668 propositam,
628 3574 722 3671 quod
756 3575 969 3651 monendum
1004 3582 1091 3664 erat,
1126 3596 1168 3648 ac
1202 3597 1249 3649 ne
1280 3576 1319 3648 in
1343 3575 1413 3650 hac
1437 3574 1580 3671 quidem
1605 3573 1789 3650 comoedia
1814 3573 1991 3647 canticum

363 3691 434 3766 nisi
466 3693 573 3769 unius
608 3702 665 3769 est
699 3695 743 3770 de
777 3695 891 3771 tribus
925 3694 1106 3770 actoribus
1139 3694 1361 3791 principibus
1373 3695 1420 3792 ⁴¹⁵).
1474 3694 1637 3770 Woltfins
1668 3694 1810 3792 quidem
1840 3693 1879 3767 id
1905 3692 1992 3766 dicit

363 3812 413 3907 (p.
449 3814 513 3908 tu)
548 3814 727 3907 „obstare
763 3814 858 3911 quod
893 3814 998 3912 (nihil
1030 3814 1117 3910 nisi)
1143 3814 1320 3911 expositio
1346 3837 1426 3891 esse
1452 3815 1616 3890 uideatur
1641 3814 1696 3890 rei
1720 3814 1817 3910 apud
1841 3811 1990 3886 militem

362 3935 512 4026 ςοοῒοοιι
538 3933 707 4008 Doriadis
733 3957 865 4010 sermo:
893 3942 931 4009 at
956 3957 1042 4011 uero
1067 3934 1105 4009 id
1131 3935 1251 4031 potius
1276 3935 1413 4026 suadet,
1441 3942 1480 4009 ut
1506 3934 1645 4009 cantico
1665 3933 1847 4010 Chaereae
1867 3931 1991 4027 adjun-

361 4059 469 4148 gatur
502 4060 538 4128 et
570 4053 609 4128 in
635 4054 759 4130 eodem
785 4063 977 4152 reponatur
1002 4077 1149 4152 genere:
1178 4077 1328 4152 namque
1354 4063 1394 4131 ut
1418 4053 1581 4131 Chaerea
1606 4055 1644 4128 in
1670 4053 1854 4149 superiore
1881 4074 1991 4125 scena

362 4172 513 4264 cantico,
549 4174 634 4269 quid
667 4174 763 4250 intra
795 4176 906 4252 aedes
938 4175 1091 4250 Thaidis
1120 4176 1254 4250 factum
1281 4181 1387 4265 esset,
1416 4173 1678 4271 spectatoribus
1704 4171 1989 4269 praenuntiabat,

361 4292 475 4369 donec
500 4292 647 4390 singula
670 4294 970 4372 accommodatius
995 4295 1162 4392 persequi
1188 4295 1365 4391 colloquio
1391 4317 1471 4370 cum
1496 4293 1703 4390 Antiphone
1728 4293 1912 4389 inciperet,
1937 4292 1990 4365 sic

360 4412 501 4488 cantico
535 4435 588 4502 ea,
620 4435 711 4510 quae
738 4416 862 4490 eodem
887 4423 1045 4511 tempore
1071 4416 1116 4489 ab
1142 4415 1215 4489 alia
1240 4422 1340 4511 parte
1367 4423 1469 4490 extra
1493 4436 1638 4489 scenam
1662 4415 1701 4488 iu
1727 4436 1840 4489 coena
1864 4411 1989 4487 militis

360 4539 441 4607 acta
466 4541 578 4623 erant,
605 4535 758 4611 ancillae
783 4535 1035 4632 loquacitatem
1060 4542 1281 4631 spectatores
1307 4536 1477 4611 certiores
1501 4535 1693 4610 facientem
1717 4542 1825 4631 poeta
1844 4533 1989 4609 induxe-

360 4659 427 4743 rat,
463 4653 525 4748 qui
554 4653 600 4729 ad
629 4677 699 4745 res,
727 4677 818 4752 quae
844 4655 883 4729 in
909 4679 1019 4732 scena
1043 4679 1115 4731 nou
1140 4664 1306 4750 aguntur,
1333 4656 1491 4754 gratiore
1516 4655 1622 4732 modo
1648 4654 1845 4729 narrandas
1870 4661 1926 4728 ter
1950 4654 1989 4726 in

360 4769 509 4870 Hecyra
533 4774 647 4848 forma
672 4775 814 4867 cantici,
841 4777 898 4852 bis
924 4777 1077 4852 feminae
1103 4776 1239 4869 tributi,
1267 4799 1354 4852 usus
1380 4783 1445 4851 est.
1500 4776 1722 4852 Persuadent
1746 4775 1898 4870 denique
1921 4771 1989 4846 hoc

360 4944 540 4953 --.-.

461 5045 494 5120 *)
514 5048 560 5108 De
582 5046 628 5108 his
649 5048 680 5108 in
701 5050 885 5127 praelatione
906 5053 1041 5114 Donum
1062 5053 1117 5114 ait:
1140 5053 1179 5114 Iu
1201 5054 1260 5117 boc
1280 5055 1436 5116 comoedia
1457 5056 1678 5131 caperonem
1693 5052 1886 5114 Permmonic
1901 5058 1987 5110 ector

358 5151 490 5217 munet,
509 5152 625 5227 primm
645 5151 735 5213 tebet
749 5162 870 5230 perrea
891 5157 1043 5218 aeamdoe
1063 5165 1133 5219 aaut
1157 5157 1321 5220 Chaerea:
1343 5159 1450 5218 tertium
1471 5159 1514 5217 ed
1533 5153 1716 5218 Phaedriam
1736 5160 1880 5232 maereat.
