4740 6270
403 517 447 580 lb
943 515 1165 583 Euusnnus
1190 536 1213 583 a
1239 519 1412 585 Bncunn

363 722 421 789 tur
447 713 553 788 ctiam
577 711 616 786 in
642 710 711 786 bac
736 713 966 788 annotatione
991 713 1162 790 Acronis:
1198 713 1320 815 Lydis
1346 715 1447 794 tibiis
1473 716 1571 793 lacta
1597 711 1852 810 cantabantur,
1879 716 1994 818 Phry·

362 833 438 932 piis
472 831 605 925 trata,
640 839 676 907 et
710 855 798 908 sane
824 833 868 908 ob
904 856 981 909 eam
1014 857 1172 926 cauam,
1204 858 1310 931 qvam
1341 835 1430 911 haec
1457 836 1566 912 verba
1591 835 1784 927 continent,
1812 837 1850 911 in
1875 837 1995 912 laetis·

365 954 467 1045 simo,
496 975 600 1050 qvem
625 959 733 1050 poeta
758 953 940 1046 describit,
973 978 1090 1032 rerum
1116 962 1212 1030 statu
1238 962 1274 1030 et
1300 954 1395 1030 inter
1409 954 1539 1055 jocosi
1564 978 1715 1032 manaa
1739 953 1871 1033 Liberi
1895 957 1996 1032 tibiis

365 1073 497 1174 Lydiis
522 1073 640 1148 locum
662 1080 903 1169 opportunum
929 1074 1044 1151 fuisse
1068 1075 1252 1151 fatendum
1278 1076 1394 1169 est').
1448 1073 1568 1172 Atqve
1585 1075 1735 1174 insuper
1754 1074 1922 1173 qviddam
1940 1099 1996 1151 ac·

365 1193 470 1286 cedit,
500 1192 594 1291 qvod
619 1193 664 1266 ab
691 1192 748 1267 bis
774 1192 917 1268 Horatii
943 1195 1108 1271 versibus
1134 1218 1274 1270 omnem
1300 1195 1533 1271 offensionem
1558 1203 1698 1271 avertat
1710 1197 1779 1293 ⁸).
1831 1196 1931 1271 Inter
1956 1197 1997 1271 ti·

365 1315 456 1407 bias,
484 1335 632 1410 qvarum
657 1335 793 1409 genera
819 1314 993 1410 qvaedam
1020 1312 1167 1391 Solinus
1193 1322 1376 1390 enumerat
1400 1315 1425 1389 1.
1454 1338 1498 1408 a,
1524 1316 1727 1392 invenimus
1748 1317 1870 1392 etiam:
1899 1315 1998 1416 „Ly-

366 1432 463 1527 dias,
498 1454 585 1532 qvas
619 1436 657 1507 ct
689 1432 852 1509 lacarias
887 1432 1048 1529 dicant“,
1081 1443 1117 1511 et
1143 1457 1265 1511 earum
1289 1434 1331 1510 fit
1355 1435 1488 1510 mentio
1514 1436 1681 1512 continuo
1707 1444 1791 1533 post
1816 1437 1999 1534 complura

364 1553 508 1628 nomina
532 1552 618 1627 item
643 1551 741 1628 haud
766 1552 873 1629 dubie
899 1562 1091 1629 acutarum.
1145 1555 1226 1630 Hae
1252 1554 1362 1629 tibiae
1384 1553 1479 1652 qvod
1501 1554 1607 1630 etiam
1633 1553 1797 1630 taraciae
1821 1556 1998 1631 vocitatae

366 1682 460 1766 sunt,
497 1671 534 1746 id
569 1673 843 1770 explicationem
876 1673 1068 1750 desiderat.
1121 1675 1178 1749 De
1203 1673 1348 1749 turariis
1374 1681 1448 1747 tum
1474 1673 1657 1765 adhibitis,
1685 1695 1764 1750 cum
1791 1683 1850 1749 tus
1876 1676 1913 1749 in
1939 1676 1999 1750 ho-

365 1817 488 1869 norem
518 1794 664 1869 deorum
689 1816 879 1869 accensum
907 1802 973 1885 est,
1001 1794 1116 1892 ipsam
1143 1793 1420 1892 appellationem
1445 1795 1572 1869 testari
1597 1794 1718 1891 liqvet.
1771 1794 1815 1870 Id
1842 1818 1926 1871 vero
1952 1797 1998 1872 ad

367 1914 610 2011 qvaestionem
645 1936 718 1989 non
753 1914 899 1990 sufficit.
951 1915 995 1989 In
1030 1914 1229 2006 sacrificiis,
1265 1937 1346 1990 cum
1380 1915 1525 1990 victima
1554 1922 1616 1989 aut
1640 1914 1759 1990 hostia
1784 1915 1999 1992 immolanda

368 2043 476 2125 esset,
512 2043 595 2109 ante
631 2034 908 2110 immolationem
941 2043 1022 2110 tura
1052 2036 1090 2110 iu
1122 2036 1243 2132 ignem
1269 2057 1353 2110 arae
1378 2035 1630 2131 injiciebantur
1656 2043 1693 2110 et
1717 2058 1852 2112 mamm
1878 2057 1999 2134 snper·

366 2155 590 2231 fundebatur.
644 2155 740 2230 Hinc
767 2163 885 2231 autem
910 2157 1065 2231 turarias
1091 2163 1238 2231 vocatas
1265 2178 1347 2231 esse
1373 2179 1445 2230 nou
1471 2163 1528 2231 est
1553 2156 1763 2246 verisimile;
1798 2180 1881 2231 nam
1907 2181 1998 2254 qvae

366 2276 476 2350 tibiae
511 2275 549 2350 in
583 2274 642 2350 his
677 2274 866 2351 sacrificiis
898 2276 1042 2352 auditae
1068 2284 1162 2367 sunt,
1191 2299 1254 2351 eae
1280 2299 1352 2351 nou
1378 2283 1515 2351 tantum
1541 2276 1588 2351 ad
1613 2276 1704 2352 turis
1731 2285 1767 2353 et
1791 2278 1867 2352 vini
1892 2278 2000 2373 injec-

366 2397 510 2486 tionem,
547 2394 612 2470 sed
647 2394 693 2469 ad
727 2402 840 2471 totum
875 2395 1091 2470 sacrificium
1124 2397 1384 2493 pertinuerunt3
1419 2396 1635 2495 eaedemqve
1664 2398 1860 2494 perlongae
1887 2405 1998 2487 erant,

369 2516 494 2613 qvales
521 2538 584 2590 eas
610 2514 774 2590 videmus
799 2515 837 2589 in
863 2516 1182 2613 imaginibusffl),
1209 2517 1233 2590 i.
1257 2540 1288 2591 e.
1309 2516 1509 2592 clarissime
1527 2524 1563 2592 et
1581 2517 1795 2614 gravissime
1813 2518 1999 2607 sonabant,

369 2635 463 2726 dum,
500 2659 546 2710 ue
582 2636 667 2733 qvid
701 2636 787 2710 mali
818 2636 948 2711 ominis
979 2637 1018 2710 in
1045 2635 1305 2712 sacrificatione
1330 2637 1568 2726 exaudiretur,
1596 2638 1800 2727 cavebatur,
1828 2660 1937 2733 qvare
1962 2639 2000 2712 in

368 2757 555 2832 columnae
586 2757 766 2852 Trajanae
792 2757 990 2856 prostypis,
1018 2756 1079 2832 ubi
1104 2764 1187 2832 anta
1213 2757 1378 2832 victimas
1404 2758 1605 2832 immolatas
1630 2757 1751 2832 vinum
1777 2781 1860 2833 arae
1886 2758 2001 2833 iniun-

369 2877 421 2951 dit
447 2876 651 2973 imperator,
679 2883 819 2951 astante
845 2899 926 2951 oum
951 2899 1076 2952 acerra
1100 2877 1236 2952 turaria
1261 2877 1414 2969 camillo,
1443 2878 1550 2953 etiam
1575 2877 1682 2952 tubae
1705 2884 1741 2952 et
1762 2899 1896 2952 cornua
1913 2878 2001 2952 mili·

368 2997 460 3071 taria
495 2994 602 3070 simul
636 2995 927 3092 inflanturffl).
982 2996 1055 3073 Sed
1091 2998 1199 3072 moris
1233 2997 1347 3072 fuisse
1372 3005 1494 3073 notum
1522 3006 1577 3072 est
1603 2997 1709 3072 ebnm
1737 3002 1817 3073 turc
1841 3004 1879 3073 ct
1902 3020 2001 3076 mero

472 3222 505 3299 *)
532 3222 567 3282 Iu
597 3221 742 3282 conviviis
770 3219 899 3297 Lydium
926 3220 1076 3282 modulum
1101 3221 1235 3282 adbiberi
1256 3222 1375 3284 solitum
1397 3226 1541 3283 memorat
1562 3221 1647 3283 Plato
1669 3220 1707 3283 de
1728 3222 1852 3299 Republ.
1874 3223 1927 3283 111.
1953 3226 2001 3291 10,

371 3332 401 3387 et
423 3325 606 3388 convivalem
627 3324 768 3401 proponit
788 3322 890 3385 tibiam
911 3323 1037 3402 Lydiam
1058 3324 1183 3386 lanciani
1202 3325 1318 3402 Dialog.
1342 3325 1414 3386 Mer.
1436 3323 1491 3383 XV
1512 3341 1543 3400 p.
1567 3325 1638 3395 322,
1662 3324 1743 3400 qvod
1765 3342 1824 3385 uon
1839 3325 2002 3401 praeterie-

372 3435 441 3491 runt
463 3428 591 3489 editores
613 3427 739 3488 Horatii.
763 3459 804 3469 -
827 3425 964 3487 Ceterum
985 3426 1067 3503 apud
1088 3427 1242 3488 Platonem
1263 3427 1283 3488 l.
1304 3447 1329 3488 c.
1351 3427 1505 3488 harmonia
1523 3425 1621 3505 Lydia
1635 3445 1696 3488 non
1711 3427 1806 3489 solum
1820 3421 2003 3511 ξυμποτικὴ

372 3537 506 3602 vocatur,
537 3530 590 3591 sed
619 3529 709 3591 etiam
736 3523 864 3612 μαλακὴ
893 3535 924 3591 et
945 3524 1080 3614 χαλαρὰ,
1103 3529 1264 3607 eademqne
1285 3548 1304 3590 a
1324 3528 1484 3591 Plutarcho
1507 3529 1561 3606 (da
1583 3530 1696 3590 Musica
1716 3547 1743 3591 c.
1769 3532 1821 3606 15)
1844 3524 1929 3608 ὀξεῖα
1950 3527 2004 3593 καὶ

373 3627 553 3718 ἐπιτήδειος
582 3628 667 3713 πρὸς
696 3636 838 3716 θρῆνον,
872 3633 950 3694 sicut
977 3633 1144 3710 Appuleius
1172 3631 1296 3713 (Florid.
1324 3632 1375 3693 IV.
1407 3635 1461 3705 17)
1482 3631 1612 3709 Lydiam
1634 3633 1784 3708 namura
1805 3631 1886 3702 dicit,
1909 3651 2004 3709 eoqu

373 3737 492 3799 modulo
517 3737 643 3814 primum
670 3754 755 3798 usum
777 3753 843 3798 esse
864 3735 1021 3813 Olympum
1043 3735 1081 3796 ad
1103 3735 1267 3797 cauendum
1289 3728 1475 3818 ἐπικήδειον
1495 3733 1674 3795 Plutarchus
1696 3735 1748 3802 ait.
1770 3733 1884 3796 addens
1905 3739 2003 3797 mmeu

373 3843 402 3900 in
429 3840 540 3917 nuptiis
568 3840 695 3916 primum
717 3843 891 3916 usurpatum
913 3838 1075 3900 secuudum
1095 3839 1179 3900 alios.
1223 3839 1310 3899 Hunc
1331 3837 1450 3898 modum
1472 3836 1700 3914 reprebendens,
1724 3855 1742 3897 a
1764 3836 1911 3899 bellicosis
1933 3838 2005 3898 viris

373 3943 501 4005 alienum
530 3960 595 4002 esse
623 3941 688 4003 vult
709 3943 806 4010 Plato,
829 3940 882 4003 sed
904 3947 1008 4004 contra
1029 3942 1206 4003 Aristoteles
1230 3940 1331 4017 (Polit.
1352 3939 1416 3999 VII.
1439 3941 1468 4000 8.
1494 3941 1527 4016 7)
1550 3939 1679 4001 omnium
1702 3939 1826 4000 maxime
1848 3940 2005 4001 convenire

374 4051 460 4123 putat
488 4044 667 4107 institutioni
696 4045 804 4122 puerili
832 4042 887 4109 διὰ
914 4038 952 4110 τὸ
974 4040 1141 4110 δύνασθαι
1162 4037 1289 4126 κόσμον
1310 4039 1337 4107 τ’
1359 4036 1443 4125 ἔχειν
1464 4038 1519 4105 καὶ
1540 4039 1699 4106 παιδείαν.
1743 4042 1850 4118 Itnqve
1871 4048 1902 4104 et
1924 4043 2005 4103 varie

370 4149 524 4227 judicatur
551 4147 600 4209 bic
629 4147 733 4210 modus
762 4148 901 4215 musicus.
932 4154 963 4210 et
988 4148 1079 4210 fuisse
1106 4155 1230 4225 apparet
1252 4147 1282 4207 iu
1304 4147 1369 4223 ipso
1392 4163 1528 4222 magnam
1549 4144 1732 4206 varietatem.
1776 4145 1834 4206 Sed
1856 4145 1929 4206 nibil
1951 4163 2006 4206 va·

375 4253 454 4313 riant
471 4251 586 4330 judicia
608 4250 646 4311 de
667 4257 754 4312 acuto
777 4268 851 4312 sono
873 4251 939 4329 ejus
958 4257 987 4312 et
1002 4253 1042 4327 (si
1057 4252 1206 4313 Donatum
1228 4250 1404 4325 omittimus)
1428 4248 1518 4309 tibiae
1540 4247 1664 4324 Lydiae.

477 4354 528 4432 **)
552 4353 680 4416 Orellius
703 4353 826 4415 offendit
846 4353 877 4413 iu
899 4353 990 4431 Lydia
1011 4352 1099 4416 tibiis.
1134 4352 1291 4426 „Carmina
1313 4358 1411 4413 tamen
1432 4350 1513 4424 illa“,
1536 4350 1641 4427 inqvit.
1665 4350 1716 4422 „in
1738 4350 1854 4412 laudem
1873 4356 2005 4412 veterum

375 4457 483 4518 ducum
505 4457 702 4517 Romanorum
724 4455 822 4532 Lydia
844 4455 997 4518 harmonia
1019 4456 1154 4517 canenda
1174 4455 1224 4516 vix
1247 4455 1324 4518 serio
1345 4454 1429 4521 dixit,
1453 4459 1487 4515 ut
1508 4453 1607 4515 multis
1624 4452 1751 4527 videtur,
1767 4452 1821 4514 sed
1835 4452 1930 4531 Lyco
1944 4471 2006 4514 ma·

377 4578 441 4622 rum
463 4565 508 4620 est
529 4553 685 4623 triberos
705 4558 885 4636 poeticum

479 4660 549 4738 m)
577 4661 613 4722 V.
643 4662 749 4723 librum
778 4661 943 4723 Bartholini
973 4661 1010 4723 de
1039 4662 1119 4724 tibiis
1140 4668 1273 4723 veterum
1294 4678 1326 4737 p.
1351 4661 1421 4728 190,
1446 4661 1517 4727 192,
1543 4663 1601 4721 196
1625 4665 1655 4721 et
1675 4659 1769 4721 llichii
1791 4659 1907 4720 lexicon
1929 4676 1953 4721 s.
1977 4679 2005 4719 v.

379 4764 464 4827 libia
486 4767 586 4840 Ionan.
612 4796 650 4810 -
673 4765 771 4826 Etiam
793 4765 932 4843 Phrygiis
954 4764 1034 4825 tibiis
1056 4765 1087 4824 iu
1108 4763 1260 4825 saadficiis
1281 4761 1363 4824 bisce
1384 4762 1556 4832 utebantur,
1579 4763 1663 4841 cnjus
1682 4763 1724 4824 rei
1741 4763 1905 4839 exemplum
1919 4781 2004 4840 praa·

377 4873 424 4930 tar
451 4868 511 4928 alia
540 4872 638 4928 exstat
668 4869 698 4927 in
728 4885 764 4928 aa
793 4868 921 4945 imagine
949 4866 1173 4935 Herculanensi,
1202 4885 1290 4944 qvam
1313 4865 1351 4927 ad
1373 4866 1470 4927 locum
1491 4865 1707 4927 Varronianum
1730 4865 1767 4926 de
1789 4883 1821 4926 re
1843 4871 1917 4927 rust.
1939 4866 1964 4926 1.
1988 4869 2006 4926 t

377 4970 679 5038 commemoravimus,
708 4971 738 5030 in
770 4988 838 5047 qva,
868 4970 937 5031 dum
966 4969 1065 5031 hostia
1092 4969 1131 5029 ad
1160 4987 1241 5031 aram
1270 4986 1375 5031 versus
1405 4968 1532 5037 ducitur,
1554 4969 1654 5030 vinum
1676 4970 1706 5028 iu
1729 4969 1827 5047 ignem
1847 4968 1884 5030 de
1905 4975 2009 5046 patara

376 5070 520 5134 tunditur.

479 5173 566 5252 Μ’)
596 5174 631 5236 V.
661 5174 882 5237 blantetalconii
909 5171 1097 5251 L'Antr'qattd
1126 5171 1288 5252 atpltqac‘c,
1319 5181 1391 5237 tom.
1415 5178 1444 5248 t,
1476 5173 1537 5237 tab.
1560 5173 1667 5235 LXXX
1690 5180 1720 5237 et
1740 5174 1863 5235 LXXXI
1885 5174 1930 5252 (in
1950 5191 2010 5250 qva
