4726 6270
956 524 1158 603 mancones
1183 527 1399 593 Terentianae.
1905 539 1946 601 49

361 735 457 822 tas“,
484 752 557 825 qva
576 727 754 825 jocularia
779 725 957 821 permixta
981 725 1121 821 putavit
1144 725 1190 817 is,
1217 726 1279 821 qvi
1298 725 1392 822 apud
1411 726 1591 800 Donatum
1610 727 1717 804 tibias
1735 730 1891 828 impares
1909 735 1993 811 huic

362 850 568 927 comoediae
593 847 740 936 addixit,
768 869 874 941 qvam
900 852 1019 920 errata
1044 846 1125 943 ejus
1151 852 1188 921 et
1201 844 1272 920 hic
1299 853 1335 920 et
1359 846 1445 920 alibi
1471 868 1543 921 non
1570 848 1673 922 modo
1693 871 1904 945 agnoscere,
1928 857 1993 931 sed

363 971 517 1069 qvodam
542 970 649 1043 etiam
674 966 780 1041 modo
806 965 1044 1062 interpretari.
1690 1001 1693 1008 -

466 1089 507 1166 Si
532 1111 680 1165 necesse
706 1087 811 1161 nobis
837 1093 935 1161 esset
960 1086 1106 1161 credere
1131 1085 1276 1160 Aelium
1301 1085 1480 1159 Donatum
1506 1087 1624 1183 ipsum
1651 1098 1777 1184 quarto
1802 1096 1925 1170 seculo
1952 1120 1995 1171 ea

364 1211 484 1286 omnia
507 1211 559 1284 ita
584 1208 786 1303 scripsisse,
815 1229 906 1303 qvae
933 1213 1017 1280 sunt
1043 1205 1087 1280 de
1112 1206 1212 1280 tibiis
1238 1206 1277 1280 in
1302 1207 1382 1301 ejus
1408 1208 1689 1302 praefationibus
1715 1219 1752 1284 et
1777 1212 1816 1285 in
1835 1216 1993 1309 ejusdem

364 1332 410 1407 de
443 1328 626 1407 comoedia
659 1326 960 1414 commentariolo,
996 1326 1190 1400 auctoritas
1224 1326 1331 1421 hujus
1366 1329 1552 1423 scriptoris
1578 1337 1714 1403 tantum
1740 1332 1778 1405 in
1805 1333 1862 1408 his
1888 1338 1995 1412 rebus

365 1453 485 1527 valere
518 1450 649 1524 debere
683 1447 873 1535 videretur,
910 1453 1079 1542 qvantum
1114 1445 1322 1542 plerumqvc
1356 1447 1479 1521 valuit.
1532 1449 1694 1545 Namqve
1730 1453 1836 1525 etiam
1861 1455 1996 1531 ultimis

364 1571 546 1646 Romanae
581 1566 806 1664 antiquitatis
840 1566 1060 1662 temporibus
1096 1565 1182 1662 qvin
1215 1566 1325 1640 tibiae
1361 1589 1441 1641 cum
1474 1568 1550 1642 suis
1582 1569 1860 1666 proprietatibus
1891 1583 1997 1672 atqve

366 1691 579 1766 differentiis
604 1690 644 1763 in
668 1710 738 1761 usn
764 1687 907 1775 fuerint,
935 1685 1026 1759 nihil
1052 1685 1089 1759 id
1116 1685 1348 1760 dubitationis
1374 1686 1493 1761 hahet.
1547 1687 1652 1779 Qvod
1678 1713 1757 1764 cum
1777 1693 1828 1766 ita
1847 1694 1906 1785 sit,
1926 1719 1998 1770 non

365 1811 454 1885 mihi
479 1809 622 1907 qvidem
647 1808 716 1883 hoc
741 1806 1007 1902 assumpserim,
1036 1813 1075 1879 ut
1101 1807 1312 1880 contendam
1338 1807 1558 1902 scriptorem,
1590 1810 1653 1904 qvi
1677 1810 1753 1885 illis
1779 1816 1999 1910 temporibus

364 1931 478 2006 multa
503 1930 548 2004 de
573 1928 674 2003 tibiis
700 1925 869 2014 adulemt,
898 1925 1125 1999 diversitates
1152 1949 1272 2000 earum
1292 1927 1510 2023 principales
1530 1928 1729 2024 ignorasse,
1749 1935 1913 2028 qvamvis
1931 1936 1999 2009 fre·

365 2057 516 2148 qventer
550 2072 623 2123 non
657 2048 762 2121 modo
796 2047 834 2119 in
856 2045 932 2118 vita
957 2045 1111 2141 publica,
1139 2047 1336 2121 sedetiam
1363 2048 1400 2121 in
1426 2047 1566 2143 privata
1591 2049 1831 2126 Romanorum
1857 2054 1999 2129 adhibe·

366 2179 500 2246 rentur.
554 2169 722 2242 Erratum
757 2173 876 2240 antem
911 2165 956 2239 de
990 2165 1090 2239 tibiis
1125 2188 1206 2240 esse
1232 2166 1270 2239 in
1296 2167 1443 2262 scriptis
1469 2191 1598 2242 nomen
1623 2193 1710 2266 prae
1737 2194 1777 2245 se
1802 2173 2000 2249 ferentibus

365 2291 501 2366 Donati
536 2313 556 2364 e
591 2288 713 2364 verbis
748 2287 782 2361 ei
816 2285 961 2360 tributis
995 2293 1031 2359 et
1057 2308 1168 2381 supra
1193 2287 1337 2383 saepius
1363 2288 1514 2384 prolatis
1540 2289 1704 2364 evincere
1726 2292 1802 2386 jam
1829 2315 1872 2368 eo
1898 2317 2001 2390 argu·

366 2418 486 2486 mento
512 2410 609 2501 licet,
636 2408 731 2504 qvod
756 2407 796 2481 in
822 2405 896 2481 illis
921 2405 1043 2479 verbis
1069 2429 1113 2480 ea
1139 2408 1349 2501 „gravitas“
1370 2409 1475 2505 (soni,
1496 2409 1557 2503 qvi
1577 2406 1644 2484 boe
1662 2411 1888 2503 nominatur),
1911 2437 2002 2509 qvae

367 2530 567 2628 generatim
599 2529 646 2603 ad
677 2528 832 2622 „seriam
859 2525 1064 2600 comoediae
1091 2525 1308 2600 dictioncm“
1335 2535 1371 2601 ct
1396 2527 1604 2601 nominatim
1631 2529 1677 2602 ad
1704 2532 1860 2622 „seriam
1887 2535 2003 2628 gravi·

366 2656 500 2727 tatcm“
527 2649 727 2725 fabularum
753 2646 916 2722 Terentii
942 2647 1090 2720 affuisse
1117 2646 1257 2738 dicitur,
1286 2647 1384 2722 tibiis
1410 2648 1557 2738 dextris,
1578 2649 1641 2742 „id
1659 2655 1739 2725 est“
1763 2693 1802 2704 -
1822 2651 1891 2726 hoc
1910 2654 2003 2727 enim

366 2772 510 2846 additur
536 2813 586 2825 -
612 2769 791 2867 „Lydiis“
818 2767 1053 2862 adjudicatur,
1081 2766 1222 2865 Lydios
1248 2790 1334 2842 vero
1361 2790 1449 2842 voce
1470 2769 1678 2843 acutissima
1697 2793 1784 2846 usas
1804 2795 1885 2846 esse
1906 2781 2002 2847 certo

367 2893 647 2967 demonstratum
668 2897 724 2963 cst
743 2891 792 2985 (p.
813 2893 857 2965 15
873 2889 955 2982 sq).
995 2886 1045 2960 Et
1062 2885 1130 2961 hoc
1147 2908 1320 2961 muccoso
1332 2888 1423 2961 illud
1443 2889 1613 2983 seqvitur,
1635 2889 1680 2964 de
1698 2891 1903 2966 discrimine
1923 2894 2004 2967 dex·

367 3021 501 3086 traruun
537 3018 573 3085 et
607 3009 831 3083 sinistrarum
867 3006 974 3080 simul
1005 3006 1099 3081 falso
1127 3007 1325 3101 judicatum
1353 3031 1435 3083 esse
1462 3017 1498 3082 et
1523 3010 1703 3084 contraria
1729 3034 1793 3107 pro
1820 3013 1916 3087 veris
1944 3014 2004 3087 du-

369 3133 492 3207 cenda.
547 3129 653 3221 Qvod
686 3130 719 3204 si
744 3129 836 3203 forte
864 3150 958 3201 nunc
984 3128 1269 3202 commemoratio
1296 3128 1495 3226 Lydiarum
1522 3131 1621 3204 etin
1647 3131 1771 3206 libello
1799 3133 1843 3207 de
1870 3156 2005 3209 comoe-

369 3253 439 3341 dia,
476 3252 539 3327 ubi
574 3261 658 3327 sunt
692 3273 783 3345 qvae
810 3272 887 3324 eam
914 3272 985 3322 non
1012 3247 1167 3321 habeant
1193 3247 1277 3320 libri
1303 3246 1422 3338 MSS,
1451 3250 1551 3323 etin
1578 3252 1799 3346 praefatione
1825 3253 2005 3350 Adelpho-

370 3397 447 3447 rum
473 3373 592 3448 aliena
617 3394 724 3445 manu
751 3371 892 3466 adjecta
918 3378 953 3443 et
980 3368 1194 3464 expellenda
1219 3367 1411 3441 videbitur:
1449 3376 1487 3442 at
1512 3379 1631 3445 tamen
1657 3372 1737 3444 sani
1758 3373 1886 3467 judicii
1911 3382 2006 3469 post·

370 3495 437 3568 hac
471 3515 544 3567 non
578 3493 646 3566 erit
680 3492 802 3565 verbis
836 3490 1096 3587 praefationum
1123 3488 1268 3561 credere
1295 3488 1339 3562 de
1365 3489 1465 3563 tibiis
1491 3490 1737 3587 Adelphorum
1765 3500 1802 3566 et
1827 3493 2004 3581 Eunuchi,

371 3623 492 3709 spreto
527 3612 698 3686 librorum
724 3611 887 3685 Terentii
913 3609 1070 3683 omnium
1097 3631 1286 3698 consensu,
1316 3609 1377 3704 qvi
1403 3611 1436 3683 si
1463 3633 1584 3684 earum
1611 3613 1873 3688 comoediarum
1899 3615 2007 3688 tibias

370 3741 468 3807 recte
504 3732 698 3819 nominant,
736 3753 781 3804 ex
815 3728 990 3803 Eunucho
1026 3727 1122 3802 clare
1155 3728 1282 3819 elucet,
1315 3730 1439 3826 qvales
1467 3731 1614 3806 dextrae
1640 3734 1783 3823 fuerint,
1812 3734 2008 3808 etidcirco

371 3853 490 3942 etiam,
525 3851 651 3948 qvales
684 3873 704 3924 c
735 3849 913 3924 contrario
940 3849 1124 3922 sinistrae:
1151 3848 1235 3922 illas
1262 3849 1298 3922 in
1326 3851 1520 3925 comoediis
1546 3852 1705 3926 laetitiae
1730 3862 1766 3926 et
1788 3854 1942 3948 joculari
1967 3855 2007 3927 li-

371 3973 510 4047 centiae
536 3979 640 4067 aptas
667 3992 816 4064 eamque
842 3969 887 4042 ob
915 3991 989 4042 rem
1016 4015 1065 4025 —
1092 3992 1175 4042 nam
1200 3969 1296 4065 apud
1322 3971 1502 4045 Donatum
1525 3971 1593 4046 hoc
1613 3974 1843 4068 conjungitur
1863 4017 1907 4028 —
1928 3996 2008 4048 acu-

371 4102 429 4167 tas
462 4093 588 4181 fuisse,
625 4090 693 4164 has
726 4112 810 4163 vero
837 4090 1045 4163 coronarias.
1100 4086 1184 4178 Sed,
1212 4097 1252 4163 ut
1278 4112 1331 4179 eo,
1360 4091 1454 4164 unde
1482 4115 1632 4187 egressa
1657 4101 1713 4167 est
1738 4095 1864 4183 oratio,
1892 4117 2008 4168 rever·

372 4222 479 4302 tatur,
507 4211 802 4307 quemadmodum
828 4211 865 4283 in
891 4208 1027 4283 Donati
1053 4210 1318 4283 commentariis
1343 4210 1391 4284 ad
1416 4234 1545 4286 versus
1565 4213 1728 4287 Terentii
1749 4237 1858 4310 saepe
1875 4214 2009 4289 diversi

372 4334 568 4428 scriptores
602 4331 709 4406 facile
744 4331 1014 4427 dignoscuntur,
1051 4329 1113 4423 qvi
1147 4329 1315 4404 dissimili
1350 4332 1487 4405 ratione
1522 4333 1670 4407 eandem
1697 4356 1772 4408 rem
1799 4334 2008 4430 dijudicant,

372 4453 423 4526 ita
457 4453 496 4526 in
530 4450 812 4548 praefationibus
847 4472 918 4524 uon
945 4449 1065 4523 omnia
1091 4456 1175 4524 sunt
1200 4450 1346 4524 Donati.
1400 4450 1521 4547 Hujus
1547 4453 1584 4528 in
1610 4453 1668 4527 his
1694 4455 1805 4528 verba
1830 4455 1874 4528 de
1900 4456 2010 4530 canti·

375 4576 427 4647 cis
464 4581 499 4647 et
534 4572 706 4646 diverbiis
733 4593 995 4665 nonnumquam
1021 4577 1094 4643 tam
1121 4591 1203 4642 esse
1229 4570 1275 4643 ab
1301 4570 1385 4645 aliis
1411 4579 1557 4661 mutata,
1585 4581 1625 4647 ut
1651 4598 1779 4648 novam
1805 4575 1864 4648 vel
1890 4576 2009 4672 potius

376 4692 510 4767 nullam
537 4691 749 4768 sententiam
776 4690 991 4786 acceperint,
1019 4690 1057 4763 in
1083 4688 1151 4763 hac
1177 4689 1259 4784 ipsa
1284 4693 1579 4768 commentatione
1600 4694 1675 4788 jam
1700 4694 1902 4769 ostendisse
1924 4696 2010 4770 mihi

377 4811 509 4886 videor.
563 4811 684 4907 Atqve
718 4811 861 4884 omnino
888 4809 1107 4884 canticorum
1133 4810 1304 4884 memoria
1329 4810 1367 4885 in
1392 4812 1527 4886 Donati
1553 4836 1660 4909 opere
1687 4815 1746 4889 vel
1771 4838 1883 4912 prope
1909 4816 2010 4889 oblit-

377 4938 526 5007 teratam
561 4931 621 5006 vel
655 4939 836 5028 tamqnam
862 4952 882 5004 e
908 4929 1105 5027 longinquo
1131 4937 1333 5005 revocatam
1360 4953 1400 5006 se
1427 4932 1584 5028 praebet.
1640 4931 1691 5010 Ut
1717 4935 1811 5010 enim
1837 4937 1880 5026 is,
1908 4937 2011 5031 cujus

378 5058 461 5127 sunt
495 5049 597 5141 haec,
634 5050 757 5148 qvalia
790 5072 885 5125 nunc
910 5049 1097 5141 habentur,
1125 5049 1169 5125 de
1195 5049 1410 5126 Phormione
1436 5051 1473 5126 in
1500 5054 1580 5149 ejus
1605 5055 1747 5130 fabulae
1774 5056 2010 5151 praefatione:

378 5180 548 5269 „totaque
574 5171 747 5247 diverbiis
772 5170 1004 5246 facetissimis
1030 5179 1067 5246 et
1093 5177 1235 5267 gestum
1261 5170 1548 5248 desiderantibus
1574 5176 1754 5250 scenicum
1781 5183 1818 5250 ct
1842 5175 2012 5252 suavissi-

1838 5309 1857 5366 7
