4740 6270
411 520 454 587 80
951 521 1172 592 hunuanus
1197 539 1219 590 a
1245 521 1421 591 Bausta

521 713 581 794 Mi
609 713 791 812 Chremes,
814 719 980 820 peccari,
1000 720 1147 816 fateor:
1173 720 1307 797 anaor.
1333 744 1429 799 naar
1452 719 1523 798 laec
1548 728 1584 798 te
1609 720 1775 807 a'bseero,

524 832 706 966 Quaado
733 845 831 916 tues
857 845 924 916 est
947 840 1119 916 animas
1143 847 1247 917 nata
1271 841 1469 939 pravior,
1495 836 1814 940 ianosetatiar,

526 971 573 1050 ut
595 997 698 1051 meae
722 974 898 1051 stultitiae
922 983 958 1050 ta
973 975 1127 1076 justitia
1153 978 1217 1052 tua
1242 975 1295 1053 sit
1317 976 1456 1077 aliquid
1471 976 1659 1078 praesidi.

369 1143 510 1219 Versus
544 1145 619 1237 ille,
655 1145 700 1220 de
732 1168 801 1245 qvo
832 1147 962 1242 agitur,
991 1149 1051 1245 qvi
1077 1157 1113 1225 et
1139 1149 1176 1224 in
1203 1150 1306 1225 libris
1331 1149 1439 1226 MSS.
1468 1151 1521 1226 sic
1548 1160 1604 1227 est
1616 1152 1652 1245 ¹¹)
1679 1159 1715 1226 et
1741 1151 1851 1247 vulgo
1878 1148 2001 1224 eodem

370 1265 476 1339 modo
511 1266 640 1356 editus,
674 1307 725 1321 ·-
756 1266 829 1342 nisi
856 1267 951 1364 qvod
977 1275 1106 1366 quanto
1132 1269 1304 1345 librorum
1330 1271 1593 1347 Fleckeisenus
1619 1272 1656 1345 in
1682 1268 1823 1369 prande
1850 1269 2003 1343 Erasmo

368 1384 460 1460 duce
492 1386 653 1477 mutavit,
691 1427 736 1440 -
765 1387 852 1483 qvin
878 1389 1060 1462 nonnullis
1086 1397 1204 1464 tamen
1231 1390 1448 1488 displiceret,
1476 1392 1555 1467 fieri
1581 1414 1653 1466 non
1679 1391 1809 1487 potuit:
1837 1411 1953 1486 qvem,
1981 1412 2004 1462 a

368 1503 517 1605 Guyeto
552 1513 663 1580 totum
699 1513 878 1604 tamquam
913 1509 1072 1604 spurium
1109 1510 1322 1601 damnatum,
1350 1511 1538 1606 Bentlejus
1563 1510 1674 1585 nimia
1699 1509 1851 1584 audacia
1876 1509 1927 1582 ita
1952 1532 2003 1583 re·

244 1627 248 1638 “
367 1623 485 1700 finxit:
525 1620 665 1714 Quanto
701 1629 739 1699 tu
773 1649 829 1701 me
864 1649 905 1701 es
935 1627 1043 1702 anais
1066 1627 1226 1726 pravior,
1256 1631 1355 1706 tanto
1382 1652 1423 1705 es
1450 1629 1696 1728 iaaosctatt'or
1722 1628 1797 1725 (ubi
1823 1627 2003 1724 posterius

369 1767 411 1819 es
444 1745 692 1840 imperativum
724 1768 805 1820 esse
832 1746 935 1842 vult).
988 1746 1078 1823 Jure
1105 1756 1223 1823 autem
1250 1772 1329 1823 cum
1357 1749 1522 1843 Bentlejo
1550 1756 1749 1846 quaeratur,
1777 1771 1860 1823 num
1887 1748 2003 1844 possit

367 1863 479 1938 latine
514 1863 586 1938 dici
622 1864 763 1939 animas
796 1870 884 1940 nata
915 1865 1067 1964 pravior
1100 1890 1166 1964 pro
1200 1891 1242 1944 eo
1269 1870 1363 1966 qvod
1389 1877 1445 1944 est
1471 1874 1591 1944 aetate
1614 1867 1777 1967 pravior,
1803 1875 1878 1942 tum
1904 1890 2001 1958 vero,

368 2007 453 2058 num
479 1983 661 2080 ingenium
689 1984 803 2060 senile
830 1985 919 2061 adeo
945 1987 983 2060 in
1009 1987 1215 2064 universum
1240 1988 1418 2086 placabile
1446 1989 1504 2080 sit,
1533 1997 1572 2064 ut
1597 1990 1679 2085 ipsa
1697 1995 1798 2062 aetas
1815 1988 2002 2084 ignoscen-

367 2104 479 2180 tiores
504 2103 667 2179 homines
693 2106 814 2196 iaciat,
842 2130 912 2181 non
939 2107 1059 2204 potius
1085 2131 1149 2204 per
1175 2132 1226 2201 se,
1253 2110 1288 2183 si
1313 2109 1403 2183 nihil
1429 2108 1587 2200 accedat,
1618 2131 1681 2184 eos
1708 2107 1833 2182 reddat
1858 2106 2003 2182 morosi·

367 2247 459 2315 ores,
497 2223 731 2317 difficiliores,
759 2225 1015 2301 iracundiores.
1068 2226 1236 2303 Editares
1263 2229 1407 2326 quidam
1432 2236 1516 2327 post
1542 2228 1745 2323 Bentlejum
1772 2250 1896 2324 parum
1923 2249 2002 2301 con·

367 2344 524 2420 siderate
559 2346 784 2420 contulerunt
818 2354 854 2421 et
888 2346 1031 2422 Horatii
1063 2346 1106 2424 Ο.
1139 2348 1208 2422 ΙΠ.
1240 2354 1297 2425 14.
1327 2356 1375 2427 25
1403 2372 1474 2446 sq.:
1512 2346 1626 2424 Lenit
1648 2345 1837 2424 albescens
1863 2346 2004 2422 animos

366 2463 522 2565 capillos
556 2462 694 2540 Litium
729 2471 768 2540 et
795 2464 904 2543 rixae
929 2464 1083 2566 capides
1100 2473 1311 2567 protervae,
1337 2468 1399 2566 qvi
1424 2491 1553 2545 versus
1579 2468 1623 2543 de
1649 2468 1739 2542 rixis
1766 2467 2003 2542 aemulatione

366 2584 541 2660 amatoria
566 2584 733 2660 excitatis
760 2586 886 2683 scripti
912 2585 1002 2660 nihil
1029 2609 1109 2662 cum
1134 2586 1203 2662 hoc
1229 2588 1309 2663 loco
1335 2610 1520 2663 commune
1546 2586 1689 2676 habent,
1710 2593 1746 2662 et
1762 2584 1868 2663 Ovid.
1888 2585 2000 2660 Trist.

367 2704 435 2779 111.
465 2711 487 2782 6
515 2705 580 2802 (5).
610 2708 675 2782 31:
706 2700 783 2796 (lae
810 2705 956 2805 quisque
981 2712 1039 2782 est
1061 2706 1194 2806 major,
1219 2707 1338 2807 mauis
1363 2713 1421 2783 est
1437 2703 1639 2808 placabilis
1659 2706 1751 2799 irae,
1769 2706 1830 2782 ubi
1849 2703 2002 2782 Ovidius

367 2847 510 2901 versum
537 2825 794 2900 Terentianum
819 2827 974 2902 fortasse
1001 2826 1208 2903 recordatus
1236 2850 1317 2902 esse
1340 2835 1376 2902 et
1397 2825 1615 2902 Ruhnkenio
1632 2826 1774 2901 videtur
1791 2833 1828 2900 et
1846 2823 2002 2900 Westcr·

365 2945 484 3036 hovio,
514 2944 583 3019 etsi
608 2968 679 3019 non
704 2947 814 3021 aetati
841 2947 1068 3043 provectiori,
1105 2971 1211 3044 qvam
1237 2947 1292 3022 illi
1318 2949 1355 3022 in
1382 2947 1500 3022 animo
1526 2947 1736 3038 habuerunt,
1764 2944 1828 3020 sed
1855 2953 2003 3020 naturae

366 3065 573 3162 praeclarae
601 3073 637 3140 et
662 3065 910 3163 magnanimae
936 3067 1217 3164 placabilitatem
1244 3066 1393 3142 ascribit
1419 3064 1571 3143 Ovidius
1598 3068 1652 3162 (ut
1677 3089 1711 3138 v.
1740 3086 1769 3140 s.
1798 3060 1851 3140 Et
1864 3063 2003 3160 faciles

366 3190 484 3261 motas
508 3208 609 3262 mens
632 3209 816 3285 qenerosa
841 3185 942 3287 capit
965 3195 1071 3283 atqve
1097 3187 1261 3284 exempla
1286 3186 1413 3277 leonis,
1448 3185 1615 3276 Achillis,
1643 3184 1842 3261 Alexandri
1866 3183 2000 3281 magni,

367 3305 538 3382 Herculis
573 3308 662 3382 satis
697 3329 875 3404 superque
910 3308 1063 3404 docent).
1117 3308 1242 3404 Neque
1275 3305 1478 3396 Terentius,
1511 3305 1648 3403 opinor,
1677 3304 1791 3378 aliter.
1846 3303 1939 3377 Nam
1964 3303 2002 3378 in

367 3426 593 3502 contentione
628 3427 873 3518 blandissima,
909 3451 1014 3524 qvam
1041 3428 1133 3503 inter
1159 3450 1200 3503 se
1226 3435 1262 3502 et
1287 3427 1402 3501 virum
1428 3448 1531 3501 suum
1557 3425 1645 3499 facit
1671 3446 1761 3499 uxor
1786 3421 2000 3514 Chremetis,

368 3569 459 3642 qvae
485 3555 559 3621 tum
585 3546 740 3643 quidem,
768 3571 848 3624 cum
873 3570 940 3645 pro
966 3571 1007 3623 se
1034 3547 1256 3644 deprecatur,
1284 3554 1397 3622 mater
1424 3554 1479 3621 est
1504 3543 1570 3619 filii
1587 3546 1664 3642 jam
1682 3544 1907 3618 matrimonio
1922 3544 2001 3640 jun-

274 3749 277 3755 ,
367 3666 486 3762 gendo
521 3668 660 3758 maturi,
696 3667 734 3743 id
765 3675 831 3758 est,
859 3678 898 3742 ut
924 3669 1045 3764 legum
1072 3669 1271 3743 Atticarum
1297 3666 1389 3741 ratio
1414 3666 1599 3756 habeatur,
1627 3663 1808 3738 minimum
1836 3661 2002 3737 duodevi-

366 3787 460 3883 ginti
494 3809 678 3874 annorum,
715 3810 787 3862 uon
821 3788 981 3884 respexit
1013 3789 1051 3863 in
1082 3811 1122 3863 se
1148 3788 1278 3863 aetatis
1304 3786 1505 3877 tenerioris,
1533 3808 1656 3860 verum
1682 3806 1792 3858 sexus
1818 3784 2002 3859 muliebris

366 3906 638 4001 imprudentiam
674 3915 782 4004 atqve
816 3908 1009 3997 levitatem,
1046 3908 1083 3981 in
1116 3908 1234 3982 animo
1268 3912 1387 3981 autem
1421 3906 1519 3981 virili
1549 3905 1764 4002 gravitatem
1789 3904 1898 4000 hujus
1922 3926 2001 4000 pro·

367 4027 493 4122 priam,
521 4026 616 4101 huuc
642 4028 798 4102 animum
824 4028 870 4103 ob
896 4028 935 4102 id
961 4029 1090 4125 ipsum,
1118 4026 1213 4123 qvod
1239 4027 1395 4124 gravior,
1416 4026 1440 4100 i.
1462 4048 1494 4100 c.
1515 4024 1745 4114 constantior,
1763 4024 1901 4114 fortior,
1921 4047 2001 4121 pru·

367 4145 518 4237 dentior,
555 4147 614 4237 sit,
650 4147 697 4221 ad
731 4146 990 4243 ignoscendum
1020 4148 1223 4243 proniorem
1248 4168 1331 4222 esse
1355 4145 1575 4242 addens**),
1602 4152 1639 4220 et
1665 4145 1710 4219 ob
1737 4166 1815 4219 eam
1841 4167 1916 4219 rem
1942 4144 2001 4219 ob

468 4353 501 4430 ⁴)
530 4351 615 4427 Qvod
644 4352 683 4412 ad
712 4353 784 4414 illud
813 4361 889 4415 natu
915 4356 1042 4430 acrior
1069 4354 1185 4415 attinet
1229 4354 1284 4414 His
1314 4353 1414 4415 verbis
1436 4353 1466 4413 in
1488 4352 1564 4413 libro
1586 4352 1710 4413 Halensi
1731 4369 1751 4413 a
1772 4350 1898 4413 Bruusio
1919 4352 2001 4429 typis

367 4472 508 4531 expresso
530 4456 733 4532 praepositum
755 4461 802 4517 est
823 4464 938 4538 aetate,·
960 4457 1049 4533 idqve
1071 4462 1105 4517 ut
1127 4475 1163 4517 ex
1186 4456 1431 4534 interpretatione
1452 4456 1550 4516 aliena
1568 4455 1646 4516 iuter
1667 4458 1774 4532 poetae
1790 4454 1883 4514 verba
1896 4471 2002 4531 recop-

366 4564 428 4619 tum
456 4565 510 4629 est,
539 4558 584 4619 sic
611 4552 692 4619 derte
719 4575 753 4620 se
781 4558 872 4621 habet
899 4560 988 4620 etiam
1014 4559 1139 4620 aliorum
1161 4558 1296 4622 codicum
1318 4560 1348 4619 in
1370 4559 1536 4637 posteriore
1556 4575 1662 4620 uersus
1683 4565 1768 4634 parta
1790 4564 1872 4618 tanto
1893 4557 1933 4617 sit
1953 4557 2001 4617 vel

367 4668 449 4723 tauto
472 4662 518 4737 (iu
540 4662 672 4738 margine
694 4661 761 4721 libri
782 4661 984 4724 Berolineusis
1006 4669 1090 4723 tanto
1114 4668 1174 4723 esto
1190 4663 1330 4738 lanera),
1346 4661 1425 4723 unde
1439 4659 1566 4723 Bothius
1580 4659 1673 4721 edidit
1689 4663 1732 4736 (a.
1750 4661 1863 4736 1822):
1886 4660 2000 4732 (leuato

366 4771 433 4826 tuas
455 4773 497 4826 ert
519 4766 635 4825 animus
652 4765 787 4841 aanor,
812 4773 894 4825 tanto
916 4766 954 4825 sir
974 4767 1184 4840 iaaasceuoor.

467 4865 519 4943 ”J
548 4870 620 4928 Rem
649 4868 809 4935 illustrant.
832 4869 863 4928 in
886 4867 967 4928 nulla
988 4885 1111 4928 sexuum
1134 4866 1302 4934 collatione,
1325 4866 1420 4944 elegia
1442 4864 1540 4928 Ovidii
1562 4870 1594 4927 et
1614 4864 1687 4926 illud
1709 4864 1861 4927 Ciceronis
1882 4863 1921 4925 de
1942 4862 1999 4926 ou.

365 4971 388 5033 1.
416 4973 466 5032 25.
496 4973 551 5032 88:
581 4972 644 5032 Nee
672 4987 741 5032 aero
772 4972 924 5044 adimat,
954 4971 1002 5045 qai
1021 4972 1158 5047 praviter
1177 4971 1367 5031 barceudran
1388 4970 1514 5031 inimicis
1531 4975 1642 5046 patara
1660 4970 1747 5044 idque
1767 4969 1952 5043 manaaimi
1972 4975 2002 5028 et

361 5075 453 5149 fortis
474 5074 532 5134 oiri
554 5089 617 5134 erre
638 5072 807 5135 censebunt.
841 5073 924 5135 Nihil
940 5074 1017 5135 eata
1038 5071 1230 5139 laudatitias,
1245 5072 1321 5134 aibil
1334 5088 1443 5148 aapuo
1459 5079 1488 5134 et
1498 5073 1666 5149 mucelam
1681 5073 1745 5133 aaa
1761 5072 1880 5149 damea
1890 5073 1999 5148 placa·

366 5175 479 5238 bilitas
500 5184 587 5252 atqve
606 5178 771 5238 elementia.
