4726 6270
909 513 1114 592 Qumrtioner
1139 512 1358 580 Terentianae.
1868 515 1909 583 55

546 713 730 795 Reueriri
753 713 901 824 soltemt
925 713 997 791 no‘u
1018 710 1182 814 pudere!
1210 711 1407 808 oficinue
1433 708 1573 804 oudou,
1599 710 1622 787 o‘
1652 708 1745 789 Geta

545 831 731 912 Monitdr!
769 832 851 912 GE.
895 830 965 910 Vin
981 830 1137 910 tandem.
1176 831 1258 908 DE.
1296 827 1398 924 Ouid
1410 828 1500 908 midi
1517 827 1642 908 dicent
1657 834 1722 907 ait
1737 853 1845 931 quom
1864 853 1947 910 eure·

1487 974 1568 1028 ram
1593 952 1803 1054 reperient?

343 1083 377 1154 5.
544 1071 726 1152 Demiror.
765 1073 845 1150 PH.
885 1069 999 1173 Atqui
1031 1071 1235 1173 re‘periam:
1269 1068 1376 1147 aliud
1407 1073 1508 1148 ciro.
1549 1071 1629 1146 DE.
1669 1067 1727 1148 An
1753 1068 1822 1148 boc
1848 1068 1950 1149 dice't

1487 1188 1595 1268 mihi:

544 1311 714 1409 „Inritus
733 1314 827 1412 feci,
854 1314 918 1390 lia
943 1311 1115 1411 codrit‘?
1141 1308 1267 1405 audio,
1287 1311 1426 1408 sutedr.
1468 1311 1549 1389 GE.
1589 1309 1734 1389 Places.

417 1433 495 1509 DE.
549 1430 679 1510 Verrim
704 1434 889 1526 scientem,
916 1432 1064 1509 tdcitum
1091 1453 1238 1508 courum
1265 1430 1415 1508 utum
1440 1431 1686 1525 aduorsdriis,
1816 1498 1820 1507 .

544 1551 714 1631 Etidmue
740 1552 783 1630 id
805 1554 868 1630 len
893 1546 1042 1651 ooipit?
1080 1552 1160 1627 PH.
1199 1549 1306 1629 Illud
1325 1551 1465 1628 durum.
1507 1552 1588 1630 GE.
1628 1550 1712 1651 Eoo
1732 1549 1944 1652 expedio'm:

1489 1696 1579 1749 nne.

414 1793 494 1870 DE.
539 1791 763 1871 Ineirtumst
795 1791 888 1893 quid
920 1815 1041 1892 opum,
1076 1792 1163 1891 quio
1192 1797 1344 1893 praeter
1373 1813 1474 1893 spem
1506 1797 1614 1891 utque
1638 1789 1853 1869 incredibile
1878 1787 1947 1868 boe

1485 1912 1536 1988 mi
1562 1909 1638 1989 o'bti
1662 1912 1708 1987 it:

317 2038 374 2110 10.
542 2030 607 2109 Ito
640 2055 719 2109 sum
750 2032 932 2126 inritans,
965 2032 1123 2108 inimum
1149 2038 1190 2108 ut
1212 2055 1387 2132 nequeam
1414 2031 1468 2109 ud
1490 1935 1720 2131 coquendum
1746 2032 1944 2108 instituere.
1975 2119 1978 2125 ¹

544 2148 662 2245 Ouum
694 2151 741 2230 ob
772 2176 849 2229 rem
875 2152 1004 2245 imnis,
1030 2175 1137 2253 quom
1162 2151 1347 2230 secundae
1371 2176 1434 2229 rec
1458 2159 1545 2229 cunt
1566 2154 1748 2247 minume,
1774 2157 1846 2229 mm
1871 2153 1946 2229 mo'·

1485 2295 1594 2348 nume

541 2389 723 2470 Meditdri
746 2416 868 2470 seeum
894 2395 1046 2496 oportet,
1072 2415 1144 2494 quo
1161 2397 1276 2494 pecto
1302 2390 1495 2469 o'doorsom
1522 2394 1732 2469 oerumudm
1751 2392 1891 2489 suant.

539 2509 702 2605 Pem'olu,
729 2511 863 2590 domno
879 2517 1045 2615 pirepre
1070 2511 1219 2589 rediens
1243 2515 1388 2614 simper
1412 2536 1533 2589 seeum
1561 2513 1697 2612 cipitet

540 2629 617 2708 lut
634 2632 700 2729 sili
716 2639 910 2734 peccatum
937 2636 1003 2709 uit
1025 2633 1155 2710 uxoris
1179 2634 1327 2710 mo'rtem
1354 2638 1419 2709 out
1441 2631 1602 2710 morbum
1624 2632 1747 2730 (iliae,

315 2756 371 2830 15.
546 2751 756 2830 Communia
782 2777 864 2829 esse
888 2750 992 2846 doec,
1011 2751 1153 2853 ue'quid
1167 2750 1294 2830 borum
1312 2776 1474 2852 umquam
1493 2751 1643 2829 decidat
1658 2752 1779 2828 unimo‘
1795 2773 1944 2829 nouom:

541 2867 733 2972 Quidquid
755 2881 911 2975 praeter
941 2896 1041 2975 spem
1074 2873 1233 2967 eue‘uiat,
1259 2895 1363 2950 omne
1389 2872 1431 2950 id
1455 2872 1634 2974 deputare
1659 2895 1740 2949 esse
1765 2873 1802 2948 in
1828 2872 1941 2948 luero.

309 3112 547 3209 Demiphonia
573 3113 686 3189 oratio
711 3114 834 3189 laesae
860 3114 1060 3210 majestatie
1087 3122 1123 3189 ct
1141 3113 1302 3210 graviter
1320 3121 1517 3189 commotae
1533 3115 1609 3189 irae
1628 3120 1800 3210 paternae
1819 3110 1943 3207 imagi-

309 3255 390 3307 nem
425 3232 569 3307 exhibet
599 3234 738 3310 cantico
765 3242 801 3309 ct
826 3234 1079 3332 pantomimica
1104 3241 1180 3307 arte
1205 3234 1367 3330 profecto
1393 3235 1550 3332 dignam.
1603 3233 1815 3309 Diverbinm
1842 3253 1939 3321 vero,

309 3350 527 3426 ludificantis
553 3355 797 3429 contumaciae
824 3362 859 3430 et
885 3354 1032 3429 audacia
1059 3354 1200 3429 consilii
1224 3354 1381 3451 plenum,
1409 3355 1503 3451 qvod
1528 3355 1576 3430 iia
1594 3355 1686 3429 locis
1705 3353 1852 3427 allatum
1873 3359 1940 3441 eat,

308 3471 371 3547 ubi
403 3472 550 3547 tacitum
584 3496 776 3572 parumper
809 3475 867 3550 vel
901 3474 1071 3549 minantis
1097 3474 1156 3549 vel
1181 3474 1426 3549 meditahuudi
1450 3482 1633 3571 aspectum
1659 3474 1831 3570 praebere
1858 3471 1942 3545 irati

182 3600 188 3619 ⁸
309 3599 345 3667 ct
371 3592 519 3667 solliciti
542 3593 658 3690 patria
685 3603 721 3669 et
746 3594 824 3669 heri
849 3595 968 3685 fuerit,
994 3602 1068 3669 tam
1094 3596 1219 3670 crebro
1246 3601 1302 3669 cat
1327 3602 1400 3669 tam
1426 3595 1595 3670 brevibus
1621 3593 1753 3669 cantici
1777 3593 1941 3690 partibus

307 3712 569 3809 interpositum,
596 3721 635 3788 ut
660 3737 726 3811 pro
752 3715 891 3791 cantico
917 3722 1037 3789 tamem
1062 3714 1131 3789 hoc
1155 3723 1281 3812 putare
1307 3738 1379 3790 non
1403 3737 1604 3812 possemne,
1631 3714 1703 3789 nisi
1724 3715 1802 3810 jam
1830 3734 1940 3808 supra

309 3840 491 3908 enatarem
525 3835 688 3931 exempla
718 3837 908 3911 verborum
933 3835 1064 3910 cantici
1090 3842 1126 3910 ct
1152 3834 1304 3909 diverbii
1328 3857 1394 3931 per
1419 3834 1605 3909 elisionem
1632 3833 1768 3908 vocalis
1794 3831 1940 3928 conglu-

306 3952 510 4044 tinatorum,
539 3954 632 4029 sieut
656 3954 716 4029 hic
742 3956 791 4052 (v.
821 3955 872 4056 5),
900 3956 1002 4051 isqve
1027 3954 1210 4052 proximus
1237 3961 1423 4030 contextus
1450 3962 1485 4029 et
1511 3953 1733 4030 membratim
1755 3952 1938 4027 concisum

306 4073 447 4149 dicendi
473 4096 590 4171 genua
616 4075 889 4172 explicationem
915 4075 953 4149 in
979 4097 1022 4150 eo
1048 4075 1230 4164 haberent,
1258 4074 1353 4170 qvod
1377 4073 1485 4169 hujus
1511 4097 1651 4170 qvoqve
1674 4072 1805 4148 cantici
1826 4072 1939 4146 diver·

304 4195 365 4270 bia
390 4194 436 4269 ad
462 4195 630 4271 tibiarum
655 4196 780 4272 modos
806 4218 980 4292 nusquam
1007 4195 1225 4291 interruptos
1251 4193 1347 4269 haud
1373 4193 1479 4269 dubie
1498 4193 1707 4297 dicebantur
1719 4194 1768 4290 ’).
1792 4235 1837 4246 —
1859 4191 1937 4265 Neo

306 4314 424 4388 minua
459 4315 505 4388 ad
539 4316 648 4391 tibias
682 4316 881 4391 diverbium
911 4314 1177 4411 pronuntiatum
1209 4322 1265 4389 eat
1290 4314 1438 4389 alteriue
1464 4314 1595 4389 cantici
1620 4339 1644 4389 a
1669 4312 1817 4390 Wolffio
1842 4333 1937 4386 mon·

306 4434 421 4524 abab,
446 4434 541 4530 qvod
567 4457 647 4509 cum
672 4435 1006 4510 interlocutionibus
1031 4435 1232 4509 continetur
1256 4441 1325 4510 act.
1354 4435 1406 4511 4ιί
1431 4457 1482 4509 aa.
1512 4440 1592 4513 bae
1617 4434 1717 4530 (olim
1744 4457 1815 4509 non
1841 4439 1938 4507 recte

406 4673 440 4752 ⁸)
462 4676 530 4736 Non
553 4674 665 4737 sufficit
686 4675 843 4754 explicatio
864 4673 985 4747 Wolifii,
1008 4679 1096 4753 genta
1118 4675 1252 4737 effectam
1274 4674 1504 4739 retardationem
1526 4681 1557 4738 et
1577 4694 1690 4738 moram
1711 4692 1831 4736 caueam
1848 4690 1938 4752 prac-

305 4777 442 4844 texentis,
465 4778 550 4855 cnjus
572 4796 619 4839 ex.
642 4797 688 4856 gr.
710 4777 767 4840 hoc
788 4778 827 4839 dc
848 4780 965 4840 anteo
987 4778 1086 4840 omnia
1106 4778 1200 4839 verba
1220 4779 1392 4840 uffemmnez
1416 4779 1548 4852 „Contra
1570 4779 1717 4842 cauticum
1732 4795 1798 4840 enea
1812 4775 1936 4837 dixerim

304 4877 467 4939 ambonem
495 4879 688 4957 Demiphonie
718 4884 747 4951 2,
780 4885 808 4950 1,
835 4899 895 4942 van
927 4884 1039 4954 1-16,
1062 4881 1219 4942 irascentis
1239 4881 1277 4943 de
1298 4880 1350 4942 filii
1372 4883 1485 4959 nuptiis
1506 4901 1538 4943 ee
1561 4881 1655 4945 inscio
1676 4881 1764 4942 factio
1786 4885 1816 4940 at
1837 4894 1937 4939 seeum

303 4978 506 5049 deliberantis,
536 4982 609 5058 qnid
637 4982 713 5044 filim
742 4984 783 5044 eit
810 4982 993 5062 incepturus.
1037 4984 1261 5063 Interjicinntur
1283 4985 1375 5045 verba
1396 4984 1489 5046 Getae
1511 4990 1541 5047 et
1561 4984 1726 5045 Phaedriae
1747 4999 1855 5043 arene
1876 4998 1936 5042 non

304 5086 540 5158 conepectornm
568 5084 622 5146 aad
648 5085 839 5155 audientium,
862 5104 939 5164 quae
960 5087 1025 5164 ipre
1046 5088 1187 5164 loquitur.
1230 5088 1384 5150 Plurimae
1400 5087 1450 5151 hic
1471 5089 1656 5151 moereamus
1677 5092 1743 5148 erat
1764 5089 1937 5162 garumna

303 5183 442 5245 breviora
462 5183 536 5247 haec
557 5188 650 5249 verba
669 5193 788 5267 pnter“.
