<?xml version="1.0" encoding="UTF-8"?>
<!DOCTYPE html PUBLIC "-//W3C//DTD XHTML 1.0 Transitional//EN"
    "http://www.w3.org/TR/xhtml1/DTD/xhtml1-transitional.dtd">
<html xmlns="http://www.w3.org/1999/xhtml" xml:lang="en" lang="en">
 <head>
  <title>
</title>
<meta http-equiv="Content-Type" content="text/html;charset=utf-8" />
  <meta name='ocr-system' content='tesseract 3.04.00' />
  <meta name='ocr-capabilities' content='ocr_page ocr_carea ocr_par ocr_line ocrx_word'/>
</head>
<body>
  <div class='ocr_page' id='page_1' title='image "./qvaestionestere00brungoog_0046.png"; bbox 0 0 4726 6270; ppageno 0'>
   <div class='ocr_carea' id='block_1_1' title="bbox 916 501 1909 581">
    <p class='ocr_par' dir='ltr' id='par_1_1' title="bbox 916 501 1909 581">
     <span class='ocr_line' id='line_1_1' title="bbox 916 501 1909 581; baseline -0.004 -10"><span class='ocrx_word' id='word_1_1' title='bbox 916 501 1120 581; x_wconf 77' lang='lat' dir='ltr'><strong>Quomtiomes</strong></span> <span class='ocrx_word' id='word_1_2' title='bbox 1146 503 1364 571; x_wconf 73' lang='lat' dir='ltr'><strong>Terentianae·</strong></span> <span class='ocrx_word' id='word_1_3' title='bbox 1867 503 1909 568; x_wconf 81' lang='lat'><strong>39</strong></span> 
     </span>
    </p>
   </div>
   <div class='ocr_carea' id='block_1_2' title="bbox 319 697 1952 1042">
    <p class='ocr_par' dir='ltr' id='par_1_2' title="bbox 319 697 1952 1042">
     <span class='ocr_line' id='line_1_2' title="bbox 320 697 1952 798; baseline -0.004 -18"><span class='ocrx_word' id='word_1_4' title='bbox 320 703 442 795; x_wconf 91' lang='lat' dir='ltr'><strong>utitur,</strong></span> <span class='ocrx_word' id='word_1_5' title='bbox 478 703 510 779; x_wconf 90' lang='grc'><strong>11</strong></span> <span class='ocrx_word' id='word_1_6' title='bbox 544 702 583 777; x_wconf 92' lang='lat' dir='ltr'><strong>in</strong></span> <span class='ocrx_word' id='word_1_7' title='bbox 616 701 749 777; x_wconf 86' lang='lat' dir='ltr'><strong>vicinia</strong></span> <span class='ocrx_word' id='word_1_8' title='bbox 782 701 881 777; x_wconf 92' lang='lat' dir='ltr'><strong>aliud</strong></span> <span class='ocrx_word' id='word_1_9' title='bbox 916 701 1121 793; x_wconf 89' lang='lat' dir='ltr'><strong>collocavit;</strong></span> <span class='ocrx_word' id='word_1_10' title='bbox 1158 723 1274 797; x_wconf 88' lang='lat' dir='ltr'><strong>neqve</strong></span> <span class='ocrx_word' id='word_1_11' title='bbox 1307 701 1377 776; x_wconf 92' lang='lat' dir='ltr'><strong>hoc</strong></span> <span class='ocrx_word' id='word_1_12' title='bbox 1403 697 1622 798; x_wconf 77' lang='lat' dir='ltr'><strong>Clitiphonis</strong></span> <span class='ocrx_word' id='word_1_13' title='bbox 1649 699 1719 775; x_wconf 91' lang='lat' dir='ltr'><strong>nisi</strong></span> <span class='ocrx_word' id='word_1_14' title='bbox 1744 722 1816 775; x_wconf 90' lang='lat' dir='ltr'><strong>una</strong></span> <span class='ocrx_word' id='word_1_15' title='bbox 1842 723 1952 775; x_wconf 88' lang='lat' dir='ltr'><strong>scena</strong></span> 
     </span>
     <span class='ocr_line' id='line_1_3' title="bbox 319 818 1951 920; baseline -0.002 -22"><span class='ocrx_word' id='word_1_16' title='bbox 319 825 416 900; x_wconf 89' lang='lat' dir='ltr'><strong>haud</strong></span> <span class='ocrx_word' id='word_1_17' title='bbox 440 823 551 920; x_wconf 83' lang='lat' dir='ltr'><strong>longa</strong></span> <span class='ocrx_word' id='word_1_18' title='bbox 576 822 791 918; x_wconf 88' lang='lat' dir='ltr'><strong>disjunctum</strong></span> <span class='ocrx_word' id='word_1_19' title='bbox 817 830 874 898; x_wconf 91' lang='lat' dir='ltr'><strong>est</strong></span> <span class='ocrx_word' id='word_1_20' title='bbox 889 846 913 897; x_wconf 86' lang='grc'><strong>1</strong></span> <span class='ocrx_word' id='word_1_21' title='bbox 931 821 1124 898; x_wconf 83' lang='lat' dir='ltr'><strong>Sannionis</strong></span> <span class='ocrx_word' id='word_1_22' title='bbox 1141 823 1281 898; x_wconf 88' lang='lat' dir='ltr'><strong>cantico</strong></span> <span class='ocrx_word' id='word_1_23' title='bbox 1298 844 1467 896; x_wconf 88' lang='lat' dir='ltr'><strong>versuum</strong></span> <span class='ocrx_word' id='word_1_24' title='bbox 1485 820 1571 897; x_wconf 88' lang='lat' dir='ltr'><strong>item</strong></span> <span class='ocrx_word' id='word_1_25' title='bbox 1588 821 1806 918; x_wconf 77' lang='lat' dir='ltr'><strong>pauciorum.</strong></span> <span class='ocrx_word' id='word_1_26' title='bbox 1848 818 1951 897; x_wconf 85' lang='lat' dir='ltr'><strong>uom-</strong></span> 
     </span>
     <span class='ocr_line' id='line_1_4' title="bbox 319 938 1897 1042; baseline -0.003 -24"><span class='ocrx_word' id='word_1_27' title='bbox 319 943 550 1042; x_wconf 82' lang='lat' dir='ltr'><strong>prehenditur</strong></span> <span class='ocrx_word' id='word_1_28' title='bbox 575 950 643 1018; x_wconf 91' lang='lat' dir='ltr'><strong>act.</strong></span> <span class='ocrx_word' id='word_1_29' title='bbox 671 941 799 1020; x_wconf 80' lang='grc'><strong>21111.</strong></span> <span class='ocrx_word' id='word_1_30' title='bbox 828 949 910 1019; x_wconf 72' lang='grc'><strong>4111</strong></span> <span class='ocrx_word' id='word_1_31' title='bbox 936 943 1061 1042; x_wconf 85' lang='lat' dir='ltr'><strong>(vulgo</strong></span> <span class='ocrx_word' id='word_1_32' title='bbox 1089 940 1183 1038; x_wconf 80' lang='grc'><strong>3111)</strong></span> <span class='ocrx_word' id='word_1_33' title='bbox 1209 941 1376 1016; x_wconf 87' lang='lat' dir='ltr'><strong>versibus</strong></span> <span class='ocrx_word' id='word_1_34' title='bbox 1406 946 1502 1017; x_wconf 88' lang='grc'><strong>1-6</strong></span> <span class='ocrx_word' id='word_1_35' title='bbox 1530 941 1579 1040; x_wconf 86' lang='lat' dir='ltr'><strong>(v.</strong></span> <span class='ocrx_word' id='word_1_36' title='bbox 1607 940 1634 1014; x_wconf 88' lang='grc'><strong>1.</strong></span> <span class='ocrx_word' id='word_1_37' title='bbox 1663 938 1897 1036; x_wconf 81' lang='grc'>254-259);</span> 
     </span>
    </p>
   </div>
   <div class='ocr_carea' id='block_1_3' title="bbox 319 1127 1948 1832">
    <p class='ocr_par' dir='ltr' id='par_1_3' title="bbox 319 1127 1664 1232">
     <span class='ocr_line' id='line_1_5' title="bbox 319 1127 1664 1232; baseline -0.004 -23"><span class='ocrx_word' id='word_1_38' title='bbox 319 1129 395 1209; x_wconf 77' lang='lat' dir='ltr'><strong>ms</strong></span> <span class='ocrx_word' id='word_1_39' title='bbox 421 1131 540 1231; x_wconf 76' lang='lat' dir='ltr'><strong>quiuis</strong></span> <span class='ocrx_word' id='word_1_40' title='bbox 564 1128 720 1224; x_wconf 79' lang='lat' dir='ltr'><strong>homine,</strong></span> <span class='ocrx_word' id='word_1_41' title='bbox 747 1132 889 1230; x_wconf 72' lang='lat' dir='ltr'><strong>quomod</strong></span> <span class='ocrx_word' id='word_1_42' title='bbox 913 1153 1016 1232; x_wconf 76' lang='lat' dir='ltr'><strong>opor,</strong></span> <span class='ocrx_word' id='word_1_43' title='bbox 1042 1128 1259 1226; x_wconf 72' lang='lat' dir='ltr'><strong>beneficium</strong></span> <span class='ocrx_word' id='word_1_44' title='bbox 1285 1130 1455 1230; x_wconf 65' lang='lat' dir='ltr'><strong>arripuere</strong></span> <span class='ocrx_word' id='word_1_45' title='bbox 1478 1127 1664 1228; x_wconf 72' lang='lat' dir='ltr'><strong>prudeus:</strong></span> 
     </span>
    </p>

    <p class='ocr_par' dir='ltr' id='par_1_4' title="bbox 324 1245 1948 1471">
     <span class='ocr_line' id='line_1_6' title="bbox 327 1245 1948 1349; baseline -0.005 -19"><span class='ocrx_word' id='word_1_46' title='bbox 327 1250 457 1330; x_wconf 86' lang='lat' dir='ltr'><strong>Verum</strong></span> <span class='ocrx_word' id='word_1_47' title='bbox 489 1251 584 1327; x_wconf 79' lang='lat' dir='ltr'><strong>e&#39;nim</strong></span> <span class='ocrx_word' id='word_1_48' title='bbox 616 1273 704 1332; x_wconf 81' lang='lat' dir='ltr'><strong>uero</strong></span> <span class='ocrx_word' id='word_1_49' title='bbox 737 1249 781 1326; x_wconf 82' lang='lat' dir='ltr'><strong>id</strong></span> <span class='ocrx_word' id='word_1_50' title='bbox 803 1248 943 1327; x_wconf 77' lang='lat' dir='ltr'><strong>demum</strong></span> <span class='ocrx_word' id='word_1_51' title='bbox 970 1251 1084 1344; x_wconf 83' lang='lat' dir='ltr'><strong>iuuat,</strong></span> <span class='ocrx_word' id='word_1_52' title='bbox 1109 1249 1145 1328; x_wconf 80' lang='lat' dir='ltr'><strong>si</strong></span> <span class='ocrx_word' id='word_1_53' title='bbox 1170 1272 1274 1349; x_wconf 78' lang='lat' dir='ltr'><strong>quem</strong></span> <span class='ocrx_word' id='word_1_54' title='bbox 1300 1253 1491 1349; x_wconf 72' lang='lat' dir='ltr'><strong>aequomst</strong></span> <span class='ocrx_word' id='word_1_55' title='bbox 1508 1250 1641 1345; x_wconf 77' lang='lat' dir='ltr'><strong>socero</strong></span> <span class='ocrx_word' id='word_1_56' title='bbox 1667 1248 1701 1324; x_wconf 84' lang='lat' dir='ltr'><strong>is</strong></span> <span class='ocrx_word' id='word_1_57' title='bbox 1727 1245 1821 1325; x_wconf 66' lang='lat' dir='ltr'><strong>bem</strong></span> <span class='ocrx_word' id='word_1_58' title='bbox 1840 1248 1948 1344; x_wconf 80' lang='lat' dir='ltr'><strong>sarit.</strong></span> 
     </span>
     <span class='ocr_line' id='line_1_7' title="bbox 324 1368 1609 1471; baseline -0.003 -22"><span class='ocrx_word' id='word_1_59' title='bbox 324 1368 502 1467; x_wconf 79' lang='lat' dir='ltr'><strong>Osrdter</strong></span> <span class='ocrx_word' id='word_1_60' title='bbox 521 1371 657 1466; x_wconf 77' lang='lat' dir='ltr'><strong>frater,</strong></span> <span class='ocrx_word' id='word_1_61' title='bbox 685 1369 775 1470; x_wconf 80' lang='lat' dir='ltr'><strong>quid</strong></span> <span class='ocrx_word' id='word_1_62' title='bbox 798 1392 865 1471; x_wconf 79' lang='lat' dir='ltr'><strong>epo</strong></span> <span class='ocrx_word' id='word_1_63' title='bbox 892 1393 988 1447; x_wconf 86' lang='lat' dir='ltr'><strong>nunc</strong></span> <span class='ocrx_word' id='word_1_64' title='bbox 1014 1376 1049 1446; x_wconf 82' lang='lat' dir='ltr'><strong>te</strong></span> <span class='ocrx_word' id='word_1_65' title='bbox 1075 1368 1243 1446; x_wconf 79' lang='lat' dir='ltr'><strong>laudem?</strong></span> <span class='ocrx_word' id='word_1_66' title='bbox 1268 1369 1360 1445; x_wconf 81' lang='lat' dir='ltr'><strong>sotis</strong></span> <span class='ocrx_word' id='word_1_67' title='bbox 1386 1370 1485 1445; x_wconf 73' lang='lat' dir='ltr'><strong>certo</strong></span> <span class='ocrx_word' id='word_1_68' title='bbox 1510 1368 1609 1445; x_wconf 82' lang='lat' dir='ltr'><strong>scio:</strong></span> 
     </span>
    </p>

    <p class='ocr_par' dir='ltr' id='par_1_5' title="bbox 320 1487 1786 1590">
     <span class='ocr_line' id='line_1_8' title="bbox 320 1487 1786 1590; baseline -0.004 -22"><span class='ocrx_word' id='word_1_69' title='bbox 320 1489 522 1590; x_wconf 80' lang='lat' dir='ltr'><strong>Numquam</strong></span> <span class='ocrx_word' id='word_1_70' title='bbox 547 1491 598 1567; x_wconf 81' lang='lat' dir='ltr'><strong>ito</strong></span> <span class='ocrx_word' id='word_1_71' title='bbox 623 1489 816 1588; x_wconf 78' lang='lat' dir='ltr'><strong>mapnifice</strong></span> <span class='ocrx_word' id='word_1_72' title='bbox 841 1498 1031 1590; x_wconf 71' lang='lat' dir='ltr'><strong>quicquam</strong></span> <span class='ocrx_word' id='word_1_73' title='bbox 1058 1489 1192 1581; x_wconf 83' lang='lat' dir='ltr'><strong>dicam,</strong></span> <span class='ocrx_word' id='word_1_74' title='bbox 1218 1487 1260 1564; x_wconf 85' lang='lat' dir='ltr'><strong>id</strong></span> <span class='ocrx_word' id='word_1_75' title='bbox 1283 1496 1397 1565; x_wconf 78' lang='lat' dir='ltr'><strong>uirtus</strong></span> <span class='ocrx_word' id='word_1_76' title='bbox 1423 1489 1511 1586; x_wconf 82' lang='lat' dir='ltr'><strong>quin</strong></span> <span class='ocrx_word' id='word_1_77' title='bbox 1537 1490 1689 1589; x_wconf 72' lang='lat' dir='ltr'><strong>superet</strong></span> <span class='ocrx_word' id='word_1_78' title='bbox 1712 1495 1786 1565; x_wconf 79' lang='lat' dir='ltr'><strong>tuo.</strong></span> 
     </span>
    </p>

    <p class='ocr_par' dir='ltr' id='par_1_6' title="bbox 320 1607 1809 1832">
     <span class='ocr_line' id='line_1_9' title="bbox 320 1607 1809 1710; baseline -0.001 -24"><span class='ocrx_word' id='word_1_79' title='bbox 320 1610 453 1710; x_wconf 79' lang='lat' dir='ltr'><strong>[toque</strong></span> <span class='ocrx_word' id='word_1_80' title='bbox 478 1613 585 1687; x_wconf 78' lang='lat' dir='ltr'><strong>uuam</strong></span> <span class='ocrx_word' id='word_1_81' title='bbox 610 1607 705 1687; x_wconf 77' lang='lat' dir='ltr'><strong>hauc</strong></span> <span class='ocrx_word' id='word_1_82' title='bbox 730 1635 805 1687; x_wconf 85' lang='lat' dir='ltr'><strong>rem</strong></span> <span class='ocrx_word' id='word_1_83' title='bbox 831 1634 888 1687; x_wconf 83' lang='lat' dir='ltr'><strong>me</strong></span> <span class='ocrx_word' id='word_1_84' title='bbox 913 1608 1052 1688; x_wconf 72' lang='lat' dir='ltr'><strong>habore</strong></span> <span class='ocrx_word' id='word_1_85' title='bbox 1068 1614 1225 1710; x_wconf 82' lang='lat' dir='ltr'><strong>praeter</strong></span> <span class='ocrx_word' id='word_1_86' title='bbox 1252 1608 1348 1684; x_wconf 77' lang='lat' dir='ltr'><strong>cilios</strong></span> <span class='ocrx_word' id='word_1_87' title='bbox 1363 1608 1607 1708; x_wconf 82' lang='lat' dir='ltr'><strong>praecipuam</strong></span> <span class='ocrx_word' id='word_1_88' title='bbox 1634 1608 1809 1701; x_wconf 72' lang='lat' dir='ltr'><strong>arbitror,</strong></span> 
     </span>
     <span class='ocr_line' id='line_1_10' title="bbox 320 1727 1675 1832; baseline -0.003 -26"><span class='ocrx_word' id='word_1_89' title='bbox 320 1728 486 1806; x_wconf 72' lang='lat' dir='ltr'><strong>Flebam</strong></span> <span class='ocrx_word' id='word_1_90' title='bbox 512 1727 648 1807; x_wconf 75' lang='lat' dir='ltr'><strong>homiui</strong></span> <span class='ocrx_word' id='word_1_91' title='bbox 673 1730 809 1807; x_wconf 81' lang='lat' dir='ltr'><strong>nemini</strong></span> <span class='ocrx_word' id='word_1_92' title='bbox 834 1734 918 1807; x_wconf 70' lang='lat' dir='ltr'><strong>esse</strong></span> <span class='ocrx_word' id='word_1_93' title='bbox 937 1730 1140 1832; x_wconf 84' lang='lat' dir='ltr'><strong>primorum</strong></span> <span class='ocrx_word' id='word_1_94' title='bbox 1168 1728 1300 1804; x_wconf 73' lang='lat' dir='ltr'><strong>ortium</strong></span> <span class='ocrx_word' id='word_1_95' title='bbox 1326 1728 1444 1826; x_wconf 74' lang='lat' dir='ltr'><strong>mopis</strong></span> <span class='ocrx_word' id='word_1_96' title='bbox 1460 1728 1675 1829; x_wconf 73' lang='lat' dir='ltr'><strong>principem.</strong></span> 
     </span>
    </p>
   </div>
   <div class='ocr_carea' id='block_1_4' title="bbox 315 1918 1950 4538">
    <p class='ocr_par' dir='ltr' id='par_1_7' title="bbox 315 1918 1950 4538">
     <span class='ocr_line' id='line_1_11' title="bbox 318 1918 1950 2016; baseline -0.002 -21"><span class='ocrx_word' id='word_1_97' title='bbox 318 1920 470 1995; x_wconf 79' lang='lat' dir='ltr'><strong>Ratione</strong></span> <span class='ocrx_word' id='word_1_98' title='bbox 500 1919 625 1994; x_wconf 85' lang='lat' dir='ltr'><strong>habita</strong></span> <span class='ocrx_word' id='word_1_99' title='bbox 656 1941 788 2010; x_wconf 90' lang='lat' dir='ltr'><strong>eorum,</strong></span> <span class='ocrx_word' id='word_1_100' title='bbox 817 1943 909 2016; x_wconf 91' lang='lat' dir='ltr'><strong>qvae</strong></span> <span class='ocrx_word' id='word_1_101' title='bbox 935 1919 980 1995; x_wconf 91' lang='lat' dir='ltr'><strong>de</strong></span> <span class='ocrx_word' id='word_1_102' title='bbox 1006 1919 1106 1994; x_wconf 87' lang='lat' dir='ltr'><strong>tibiis</strong></span> <span class='ocrx_word' id='word_1_103' title='bbox 1132 1918 1315 1994; x_wconf 84' lang='lat' dir='ltr'><strong>afferenda</strong></span> <span class='ocrx_word' id='word_1_104' title='bbox 1340 1926 1433 2010; x_wconf 91' lang='lat' dir='ltr'><strong>sunt,</strong></span> <span class='ocrx_word' id='word_1_105' title='bbox 1460 1919 1697 1995; x_wconf 89' lang='lat' dir='ltr'><strong>animadverti</strong></span> <span class='ocrx_word' id='word_1_106' title='bbox 1722 1918 1886 1994; x_wconf 89' lang='lat' dir='ltr'><strong>volumus</strong></span> <span class='ocrx_word' id='word_1_107' title='bbox 1911 1919 1950 1992; x_wconf 91' lang='lat' dir='ltr'><strong>in</strong></span> 
     </span>
     <span class='ocr_line' id='line_1_12' title="bbox 317 2038 1949 2136; baseline -0.001 -21"><span class='ocrx_word' id='word_1_108' title='bbox 317 2041 386 2115; x_wconf 92' lang='lat' dir='ltr'><strong>hac</strong></span> <span class='ocrx_word' id='word_1_109' title='bbox 418 2040 505 2115; x_wconf 91' lang='lat' dir='ltr'><strong>laeti</strong></span> <span class='ocrx_word' id='word_1_110' title='bbox 539 2040 692 2115; x_wconf 92' lang='lat' dir='ltr'><strong>hominis</strong></span> <span class='ocrx_word' id='word_1_111' title='bbox 727 2040 969 2114; x_wconf 83' lang='lat' dir='ltr'><strong>declaratione</strong></span> <span class='ocrx_word' id='word_1_112' title='bbox 999 2040 1109 2113; x_wconf 90' lang='lat' dir='ltr'><strong>animi</strong></span> <span class='ocrx_word' id='word_1_113' title='bbox 1135 2039 1232 2135; x_wconf 83' lang='lat' dir='ltr'><strong>grati</strong></span> <span class='ocrx_word' id='word_1_114' title='bbox 1257 2038 1357 2112; x_wconf 87' lang='lat' dir='ltr'><strong>illam</strong></span> <span class='ocrx_word' id='word_1_115' title='bbox 1383 2039 1539 2132; x_wconf 89' lang='lat' dir='ltr'><strong>„seriam</strong></span> <span class='ocrx_word' id='word_1_116' title='bbox 1565 2040 1816 2136; x_wconf 77' lang='lat' dir='ltr'><strong>gravitatem‘,</strong></span> <span class='ocrx_word' id='word_1_117' title='bbox 1844 2061 1949 2136; x_wconf 85' lang='lat' dir='ltr'><strong>qvam</strong></span> 
     </span>
     <span class='ocr_line' id='line_1_13' title="bbox 318 2158 1950 2256; baseline -0.001 -22"><span class='ocrx_word' id='word_1_118' title='bbox 318 2160 452 2234; x_wconf 92' lang='lat' dir='ltr'><strong>Donati</strong></span> <span class='ocrx_word' id='word_1_119' title='bbox 485 2159 661 2255; x_wconf 86' lang='lat' dir='ltr'><strong>praefatio</strong></span> <span class='ocrx_word' id='word_1_120' title='bbox 694 2159 863 2250; x_wconf 88' lang='lat' dir='ltr'><strong>nominat,</strong></span> <span class='ocrx_word' id='word_1_121' title='bbox 900 2182 972 2233; x_wconf 92' lang='lat' dir='ltr'><strong>non</strong></span> <span class='ocrx_word' id='word_1_122' title='bbox 1006 2159 1187 2233; x_wconf 87' lang='lat' dir='ltr'><strong>licentiam</strong></span> <span class='ocrx_word' id='word_1_123' title='bbox 1221 2159 1332 2233; x_wconf 92' lang='lat' dir='ltr'><strong>ullam</strong></span> <span class='ocrx_word' id='word_1_124' title='bbox 1361 2158 1559 2253; x_wconf 87' lang='lat' dir='ltr'><strong>jocularem</strong></span> <span class='ocrx_word' id='word_1_125' title='bbox 1590 2161 1719 2235; x_wconf 86' lang='lat' dir='ltr'><strong>inesse.</strong></span> <span class='ocrx_word' id='word_1_126' title='bbox 1748 2199 1798 2214; x_wconf 83' lang='lat'><em>—</em></span> <span class='ocrx_word' id='word_1_127' title='bbox 1823 2160 1950 2256; x_wconf 90' lang='lat' dir='ltr'><strong>Itaqve</strong></span> 
     </span>
     <span class='ocr_line' id='line_1_14' title="bbox 318 2278 1950 2376; baseline -0.001 -23"><span class='ocrx_word' id='word_1_128' title='bbox 318 2279 473 2375; x_wconf 87' lang='lat' dir='ltr'><strong>qvinqve</strong></span> <span class='ocrx_word' id='word_1_129' title='bbox 500 2279 640 2354; x_wconf 91' lang='lat' dir='ltr'><strong>cantica</strong></span> <span class='ocrx_word' id='word_1_130' title='bbox 665 2278 749 2353; x_wconf 91' lang='lat' dir='ltr'><strong>huic</strong></span> <span class='ocrx_word' id='word_1_131' title='bbox 774 2279 918 2353; x_wconf 85' lang='lat' dir='ltr'><strong>fabulae</strong></span> <span class='ocrx_word' id='word_1_132' title='bbox 943 2287 1038 2369; x_wconf 87' lang='lat' dir='ltr'><strong>sunt,</strong></span> <span class='ocrx_word' id='word_1_133' title='bbox 1072 2302 1117 2353; x_wconf 85' lang='lat' dir='ltr'><strong>ex</strong></span> <span class='ocrx_word' id='word_1_134' title='bbox 1142 2279 1258 2375; x_wconf 80' lang='lat' dir='ltr'><strong>iisque</strong></span> <span class='ocrx_word' id='word_1_135' title='bbox 1284 2301 1350 2353; x_wconf 91' lang='lat' dir='ltr'><strong>suo</strong></span> <span class='ocrx_word' id='word_1_136' title='bbox 1376 2278 1526 2376; x_wconf 87' lang='lat' dir='ltr'><strong>qviaqve</strong></span> <span class='ocrx_word' id='word_1_137' title='bbox 1551 2288 1694 2355; x_wconf 89' lang='lat' dir='ltr'><strong>actuum</strong></span> <span class='ocrx_word' id='word_1_138' title='bbox 1721 2283 1755 2370; x_wconf 87' lang='lat'><strong>3,</strong></span> <span class='ocrx_word' id='word_1_139' title='bbox 1785 2284 1820 2368; x_wconf 88' lang='grc'><strong>4,</strong></span> <span class='ocrx_word' id='word_1_140' title='bbox 1849 2287 1871 2355; x_wconf 87' lang='grc'><strong>5</strong></span> <span class='ocrx_word' id='word_1_141' title='bbox 1899 2279 1950 2352; x_wconf 90' lang='lat' dir='ltr'><strong>in·</strong></span> 
     </span>
     <span class='ocr_line' id='line_1_15' title="bbox 319 2397 1949 2497; baseline -0.001 -23"><span class='ocrx_word' id='word_1_142' title='bbox 319 2407 475 2474; x_wconf 89' lang='lat' dir='ltr'><strong>structus</strong></span> <span class='ocrx_word' id='word_1_143' title='bbox 501 2407 567 2487; x_wconf 89' lang='lat' dir='ltr'><strong>est,</strong></span> <span class='ocrx_word' id='word_1_144' title='bbox 595 2398 734 2473; x_wconf 91' lang='lat' dir='ltr'><strong>duobus</strong></span> <span class='ocrx_word' id='word_1_145' title='bbox 759 2408 878 2474; x_wconf 89' lang='lat' dir='ltr'><strong>autem</strong></span> <span class='ocrx_word' id='word_1_146' title='bbox 904 2399 1127 2474; x_wconf 87' lang='lat' dir='ltr'><strong>brevioribus</strong></span> <span class='ocrx_word' id='word_1_147' title='bbox 1153 2407 1256 2475; x_wconf 90' lang='lat' dir='ltr'><strong>actus</strong></span> <span class='ocrx_word' id='word_1_148' title='bbox 1283 2406 1322 2475; x_wconf 83' lang='lat'><strong>2:</strong></span> <span class='ocrx_word' id='word_1_149' title='bbox 1359 2398 1505 2497; x_wconf 90' lang='lat' dir='ltr'><strong>primus,</strong></span> <span class='ocrx_word' id='word_1_150' title='bbox 1532 2401 1594 2496; x_wconf 89' lang='lat' dir='ltr'><strong>qvi</strong></span> <span class='ocrx_word' id='word_1_151' title='bbox 1619 2400 1781 2497; x_wconf 89' lang='lat' dir='ltr'><strong>protasin</strong></span> <span class='ocrx_word' id='word_1_152' title='bbox 1806 2397 1949 2473; x_wconf 85' lang='lat' dir='ltr'><strong>fabulae</strong></span> 
     </span>
     <span class='ocr_line' id='line_1_16' title="bbox 317 2516 1949 2617; baseline -0.001 -23"><span class='ocrx_word' id='word_1_153' title='bbox 317 2519 486 2610; x_wconf 88' lang='lat' dir='ltr'><strong>continet,</strong></span> <span class='ocrx_word' id='word_1_154' title='bbox 514 2518 650 2594; x_wconf 91' lang='lat' dir='ltr'><strong>nullum</strong></span> <span class='ocrx_word' id='word_1_155' title='bbox 675 2519 793 2594; x_wconf 92' lang='lat' dir='ltr'><strong>habet.</strong></span> <span class='ocrx_word' id='word_1_156' title='bbox 848 2517 956 2594; x_wconf 87' lang='lat' dir='ltr'><strong>Omni</strong></span> <span class='ocrx_word' id='word_1_157' title='bbox 982 2520 1076 2594; x_wconf 88' lang='lat' dir='ltr'><strong>enirn</strong></span> <span class='ocrx_word' id='word_1_158' title='bbox 1103 2519 1367 2617; x_wconf 82' lang='lat' dir='ltr'><strong>probabilitatis</strong></span> <span class='ocrx_word' id='word_1_159' title='bbox 1393 2521 1514 2617; x_wconf 86' lang='lat' dir='ltr'><strong>specie</strong></span> <span class='ocrx_word' id='word_1_160' title='bbox 1536 2529 1644 2610; x_wconf 86' lang='lat' dir='ltr'><strong>caret,</strong></span> <span class='ocrx_word' id='word_1_161' title='bbox 1665 2518 1759 2615; x_wconf 87' lang='lat' dir='ltr'><strong>qvod</strong></span> <span class='ocrx_word' id='word_1_162' title='bbox 1779 2516 1949 2594; x_wconf 86' lang='lat' dir='ltr'><strong>Wolffius</strong></span> 
     </span>
     <span class='ocr_line' id='line_1_17' title="bbox 317 2637 1949 2737; baseline -0.001 -25"><span class='ocrx_word' id='word_1_163' title='bbox 317 2640 356 2712; x_wconf 93' lang='lat' dir='ltr'><strong>in</strong></span> <span class='ocrx_word' id='word_1_164' title='bbox 381 2640 462 2734; x_wconf 88' lang='lat' dir='ltr'><strong>ipsa</strong></span> <span class='ocrx_word' id='word_1_165' title='bbox 486 2638 602 2735; x_wconf 90' lang='lat' dir='ltr'><strong>prima</strong></span> <span class='ocrx_word' id='word_1_166' title='bbox 627 2660 737 2713; x_wconf 90' lang='lat' dir='ltr'><strong>scena</strong></span> <span class='ocrx_word' id='word_1_167' title='bbox 761 2639 916 2730; x_wconf 85' lang='lat' dir='ltr'><strong>fabulae,</strong></span> <span class='ocrx_word' id='word_1_168' title='bbox 953 2639 1113 2735; x_wconf 87' lang='lat' dir='ltr'><strong>exceptis</strong></span> <span class='ocrx_word' id='word_1_169' title='bbox 1140 2640 1305 2715; x_wconf 89' lang='lat' dir='ltr'><strong>versibus</strong></span> <span class='ocrx_word' id='word_1_170' title='bbox 1331 2640 1468 2715; x_wconf 92' lang='lat' dir='ltr'><strong>duobus</strong></span> <span class='ocrx_word' id='word_1_171' title='bbox 1494 2639 1619 2737; x_wconf 90' lang='lat' dir='ltr'><strong>primis</strong></span> <span class='ocrx_word' id='word_1_172' title='bbox 1645 2648 1681 2714; x_wconf 92' lang='lat' dir='ltr'><strong>et</strong></span> <span class='ocrx_word' id='word_1_173' title='bbox 1707 2646 1873 2735; x_wconf 76' lang='lat' dir='ltr'><strong>quattuor</strong></span> <span class='ocrx_word' id='word_1_174' title='bbox 1897 2637 1949 2711; x_wconf 91' lang='lat' dir='ltr'><strong>ul·</strong></span> 
     </span>
     <span class='ocr_line' id='line_1_18' title="bbox 317 2758 1948 2857; baseline -0.002 -23"><span class='ocrx_word' id='word_1_175' title='bbox 317 2759 426 2850; x_wconf 91' lang='lat' dir='ltr'><strong>timis,</strong></span> <span class='ocrx_word' id='word_1_176' title='bbox 461 2758 638 2834; x_wconf 88' lang='lat' dir='ltr'><strong>canticum</strong></span> <span class='ocrx_word' id='word_1_177' title='bbox 673 2758 924 2854; x_wconf 83' lang='lat' dir='ltr'><strong>longissimum</strong></span> <span class='ocrx_word' id='word_1_178' title='bbox 959 2759 1107 2834; x_wconf 82' lang='lat' dir='ltr'><strong>ascribit</strong></span> <span class='ocrx_word' id='word_1_179' title='bbox 1140 2759 1288 2834; x_wconf 92' lang='lat' dir='ltr'><strong>Micioni</strong></span> <span class='ocrx_word' id='word_1_180' title='bbox 1320 2761 1409 2853; x_wconf 91' lang='lat' dir='ltr'><strong>seni,</strong></span> <span class='ocrx_word' id='word_1_181' title='bbox 1441 2760 1513 2857; x_wconf 86' lang='lat' dir='ltr'><strong>qvi,</strong></span> <span class='ocrx_word' id='word_1_182' title='bbox 1540 2768 1580 2835; x_wconf 93' lang='lat' dir='ltr'><strong>ut</strong></span> <span class='ocrx_word' id='word_1_183' title='bbox 1604 2759 1769 2834; x_wconf 90' lang='lat' dir='ltr'><strong>iambicis</strong></span> <span class='ocrx_word' id='word_1_184' title='bbox 1794 2758 1948 2832; x_wconf 87' lang='lat' dir='ltr'><strong>senariis</strong></span> 
     </span>
     <span class='ocr_line' id='line_1_19' title="bbox 318 2878 1949 2976; baseline -0.001 -23"><span class='ocrx_word' id='word_1_185' title='bbox 318 2880 439 2970; x_wconf 92' lang='grc'><strong>1111111,</strong></span> <span class='ocrx_word' id='word_1_186' title='bbox 473 2902 497 2952; x_wconf 90' lang='lat' dir='ltr'><strong>a</strong></span> <span class='ocrx_word' id='word_1_187' title='bbox 531 2879 681 2968; x_wconf 88' lang='lat' dir='ltr'><strong>cantico,</strong></span> <span class='ocrx_word' id='word_1_188' title='bbox 718 2879 849 2953; x_wconf 87' lang='lat' dir='ltr'><strong>nisisi</strong></span> <span class='ocrx_word' id='word_1_189' title='bbox 875 2879 1016 2976; x_wconf 87' lang='lat' dir='ltr'><strong>qvando</strong></span> <span class='ocrx_word' id='word_1_190' title='bbox 1041 2880 1080 2955; x_wconf 92' lang='lat' dir='ltr'><strong>in</strong></span> <span class='ocrx_word' id='word_1_191' title='bbox 1105 2881 1210 2955; x_wconf 91' lang='lat' dir='ltr'><strong>metri</strong></span> <span class='ocrx_word' id='word_1_192' title='bbox 1235 2881 1409 2956; x_wconf 86' lang='lat' dir='ltr'><strong>varietate</strong></span> <span class='ocrx_word' id='word_1_193' title='bbox 1435 2881 1571 2976; x_wconf 81' lang='lat' dir='ltr'><strong>singuli</strong></span> <span class='ocrx_word' id='word_1_194' title='bbox 1597 2881 1679 2956; x_wconf 87' lang='lat' dir='ltr'><strong>aliis</strong></span> <span class='ocrx_word' id='word_1_195' title='bbox 1705 2880 1871 2954; x_wconf 89' lang='lat' dir='ltr'><strong>versibus</strong></span> <span class='ocrx_word' id='word_1_196' title='bbox 1897 2878 1949 2952; x_wconf 93' lang='lat' dir='ltr'><strong>in·</strong></span> 
     </span>
     <span class='ocr_line' id='line_1_20' title="bbox 317 2999 1948 3098; baseline 0 -26"><span class='ocrx_word' id='word_1_197' title='bbox 317 2999 625 3093; x_wconf 76' lang='lat' dir='ltr'><strong>termiscentur*),</strong></span> <span class='ocrx_word' id='word_1_198' title='bbox 662 3006 699 3072; x_wconf 89' lang='lat' dir='ltr'><strong>et</strong></span> <span class='ocrx_word' id='word_1_199' title='bbox 722 2999 761 3073; x_wconf 89' lang='lat' dir='ltr'><strong>in</strong></span> <span class='ocrx_word' id='word_1_200' title='bbox 787 3000 959 3075; x_wconf 90' lang='lat' dir='ltr'><strong>Terentio</strong></span> <span class='ocrx_word' id='word_1_201' title='bbox 985 3000 1084 3075; x_wconf 91' lang='lat' dir='ltr'><strong>etin</strong></span> <span class='ocrx_word' id='word_1_202' title='bbox 1110 3001 1240 3076; x_wconf 90' lang='lat' dir='ltr'><strong>Plauto</strong></span> <span class='ocrx_word' id='word_1_203' title='bbox 1266 3001 1508 3093; x_wconf 86' lang='lat' dir='ltr'><strong>alienissimis,</strong></span> <span class='ocrx_word' id='word_1_204' title='bbox 1536 3002 1588 3076; x_wconf 90' lang='lat' dir='ltr'><strong>ita</strong></span> <span class='ocrx_word' id='word_1_205' title='bbox 1612 3010 1685 3076; x_wconf 90' lang='lat' dir='ltr'><strong>tam</strong></span> <span class='ocrx_word' id='word_1_206' title='bbox 1711 3000 1868 3098; x_wconf 85' lang='lat' dir='ltr'><strong>loqvitur</strong></span> <span class='ocrx_word' id='word_1_207' title='bbox 1894 3021 1948 3072; x_wconf 88' lang='grc'><strong>11-</strong></span> 
     </span>
     <span class='ocr_line' id='line_1_21' title="bbox 317 3118 1947 3217; baseline -0.001 -24"><span class='ocrx_word' id='word_1_208' title='bbox 317 3142 398 3193; x_wconf 88' lang='lat' dir='ltr'><strong>cnm</strong></span> <span class='ocrx_word' id='word_1_209' title='bbox 423 3118 547 3194; x_wconf 89' lang='lat' dir='ltr'><strong>sedate</strong></span> <span class='ocrx_word' id='word_1_210' title='bbox 573 3126 610 3193; x_wconf 95' lang='lat' dir='ltr'><strong>et</strong></span> <span class='ocrx_word' id='word_1_211' title='bbox 635 3119 807 3211; x_wconf 91' lang='lat' dir='ltr'><strong>seniliter,</strong></span> <span class='ocrx_word' id='word_1_212' title='bbox 834 3127 874 3194; x_wconf 91' lang='grc'><strong>11</strong></span> <span class='ocrx_word' id='word_1_213' title='bbox 899 3143 1015 3217; x_wconf 90' lang='lat' dir='ltr'><strong>neqve</strong></span> <span class='ocrx_word' id='word_1_214' title='bbox 1039 3121 1209 3196; x_wconf 87' lang='lat' dir='ltr'><strong>carminis</strong></span> <span class='ocrx_word' id='word_1_215' title='bbox 1235 3121 1347 3196; x_wconf 91' lang='lat' dir='ltr'><strong>ullum</strong></span> <span class='ocrx_word' id='word_1_216' title='bbox 1374 3122 1566 3217; x_wconf 82' lang='lat' dir='ltr'><strong>vestigium</strong></span> <span class='ocrx_word' id='word_1_217' title='bbox 1593 3121 1631 3195; x_wconf 94' lang='lat' dir='ltr'><strong>in</strong></span> <span class='ocrx_word' id='word_1_218' title='bbox 1653 3121 1796 3196; x_wconf 88' lang='lat' dir='ltr'><strong>dicendi</strong></span> <span class='ocrx_word' id='word_1_219' title='bbox 1814 3140 1947 3215; x_wconf 84' lang='lat' dir='ltr'><strong>genere</strong></span> 
     </span>
     <span class='ocr_line' id='line_1_22' title="bbox 317 3238 1946 3338; baseline -0.001 -25"><span class='ocrx_word' id='word_1_220' title='bbox 317 3239 612 3336; x_wconf 85' lang='lat' dir='ltr'><strong>deprehendatur,</strong></span> <span class='ocrx_word' id='word_1_221' title='bbox 643 3262 711 3314; x_wconf 90' lang='lat' dir='ltr'><strong>nec</strong></span> <span class='ocrx_word' id='word_1_222' title='bbox 742 3240 838 3315; x_wconf 90' lang='lat' dir='ltr'><strong>ullus</strong></span> <span class='ocrx_word' id='word_1_223' title='bbox 864 3239 965 3316; x_wconf 93' lang='lat' dir='ltr'><strong>locus</strong></span> <span class='ocrx_word' id='word_1_224' title='bbox 991 3241 1100 3315; x_wconf 87' lang='lat' dir='ltr'><strong>fuerit</strong></span> <span class='ocrx_word' id='word_1_225' title='bbox 1124 3242 1236 3316; x_wconf 89' lang='lat' dir='ltr'><strong>motui</strong></span> <span class='ocrx_word' id='word_1_226' title='bbox 1262 3242 1449 3338; x_wconf 83' lang='lat' dir='ltr'><strong>gestuiqve</strong></span> <span class='ocrx_word' id='word_1_227' title='bbox 1474 3241 1529 3315; x_wconf 92' lang='lat' dir='ltr'><strong>illi</strong></span> <span class='ocrx_word' id='word_1_228' title='bbox 1553 3241 1592 3314; x_wconf 91' lang='lat' dir='ltr'><strong>in</strong></span> <span class='ocrx_word' id='word_1_229' title='bbox 1618 3241 1769 3317; x_wconf 87' lang='lat' dir='ltr'><strong>canticis</strong></span> <span class='ocrx_word' id='word_1_230' title='bbox 1797 3238 1946 3335; x_wconf 85' lang='lat' dir='ltr'><strong>vigenti,</strong></span> 
     </span>
     <span class='ocr_line' id='line_1_23' title="bbox 318 3359 1945 3457; baseline 0.001 -25"><span class='ocrx_word' id='word_1_231' title='bbox 318 3360 390 3456; x_wconf 87' lang='lat' dir='ltr'><strong>qvi,</strong></span> <span class='ocrx_word' id='word_1_232' title='bbox 424 3367 465 3435; x_wconf 91' lang='grc'><strong>11</strong></span> <span class='ocrx_word' id='word_1_233' title='bbox 495 3359 589 3434; x_wconf 78' lang='lat' dir='ltr'><strong>aetio</strong></span> <span class='ocrx_word' id='word_1_234' title='bbox 615 3383 639 3434; x_wconf 89' lang='lat' dir='ltr'><strong>a</strong></span> <span class='ocrx_word' id='word_1_235' title='bbox 664 3360 765 3434; x_wconf 90' lang='lat' dir='ltr'><strong>vocis</strong></span> <span class='ocrx_word' id='word_1_236' title='bbox 791 3368 898 3436; x_wconf 91' lang='lat' dir='ltr'><strong>cantu</strong></span> <span class='ocrx_word' id='word_1_237' title='bbox 924 3368 1160 3457; x_wconf 87' lang='lat' dir='ltr'><strong>separaretur,</strong></span> <span class='ocrx_word' id='word_1_238' title='bbox 1189 3361 1365 3435; x_wconf 85' lang='lat' dir='ltr'><strong>effecerat.</strong></span> <span class='ocrx_word' id='word_1_239' title='bbox 1394 3406 1444 3419; x_wconf 85' lang='lat'>—</span> <span class='ocrx_word' id='word_1_240' title='bbox 1469 3359 1520 3435; x_wconf 86' lang='lat' dir='ltr'><strong>At</strong></span> <span class='ocrx_word' id='word_1_241' title='bbox 1546 3359 1605 3434; x_wconf 89' lang='lat' dir='ltr'><strong>hic</strong></span> <span class='ocrx_word' id='word_1_242' title='bbox 1630 3367 1777 3456; x_wconf 90' lang='lat' dir='ltr'><strong>qvaerat</strong></span> <span class='ocrx_word' id='word_1_243' title='bbox 1802 3359 1945 3455; x_wconf 81' lang='lat' dir='ltr'><strong>aliqvis,</strong></span> 
     </span>
     <span class='ocr_line' id='line_1_24' title="bbox 317 3478 1947 3577; baseline -0.001 -24"><span class='ocrx_word' id='word_1_244' title='bbox 317 3502 401 3553; x_wconf 93' lang='lat' dir='ltr'><strong>num</strong></span> <span class='ocrx_word' id='word_1_245' title='bbox 433 3480 526 3554; x_wconf 86' lang='lat' dir='ltr'><strong>forte</strong></span> <span class='ocrx_word' id='word_1_246' title='bbox 559 3502 632 3554; x_wconf 95' lang='lat' dir='ltr'><strong>non</strong></span> <span class='ocrx_word' id='word_1_247' title='bbox 664 3480 805 3554; x_wconf 90' lang='lat' dir='ltr'><strong>cantica</strong></span> <span class='ocrx_word' id='word_1_248' title='bbox 830 3480 994 3556; x_wconf 90' lang='lat' dir='ltr'><strong>habenda</strong></span> <span class='ocrx_word' id='word_1_249' title='bbox 1019 3480 1093 3555; x_wconf 92' lang='lat' dir='ltr'><strong>sint</strong></span> <span class='ocrx_word' id='word_1_250' title='bbox 1118 3504 1162 3554; x_wconf 88' lang='lat' dir='ltr'><strong>ea</strong></span> <span class='ocrx_word' id='word_1_251' title='bbox 1186 3488 1248 3554; x_wconf 89' lang='lat' dir='ltr'><strong>aut</strong></span> <span class='ocrx_word' id='word_1_252' title='bbox 1274 3479 1447 3577; x_wconf 81' lang='lat' dir='ltr'><strong>quaedam</strong></span> <span class='ocrx_word' id='word_1_253' title='bbox 1474 3501 1606 3569; x_wconf 90' lang='lat' dir='ltr'><strong>eorum,</strong></span> <span class='ocrx_word' id='word_1_254' title='bbox 1634 3479 1681 3553; x_wconf 90' lang='lat' dir='ltr'><strong>ad</strong></span> <span class='ocrx_word' id='word_1_255' title='bbox 1705 3501 1797 3575; x_wconf 89' lang='lat' dir='ltr'><strong>qvae</strong></span> <span class='ocrx_word' id='word_1_256' title='bbox 1822 3478 1861 3552; x_wconf 92' lang='lat' dir='ltr'><strong>id</strong></span> <span class='ocrx_word' id='word_1_257' title='bbox 1886 3500 1947 3552; x_wconf 94' lang='lat' dir='ltr'><strong>no·</strong></span> 
     </span>
     <span class='ocr_line' id='line_1_25' title="bbox 317 3599 1944 3695; baseline -0.001 -23"><span class='ocrx_word' id='word_1_258' title='bbox 317 3621 398 3673; x_wconf 92' lang='lat' dir='ltr'><strong>men</strong></span> <span class='ocrx_word' id='word_1_259' title='bbox 431 3622 455 3673; x_wconf 88' lang='lat' dir='ltr'><strong>a</strong></span> <span class='ocrx_word' id='word_1_260' title='bbox 487 3600 592 3675; x_wconf 87' lang='lat' dir='ltr'><strong>nobis</strong></span> <span class='ocrx_word' id='word_1_261' title='bbox 626 3621 766 3695; x_wconf 88' lang='lat' dir='ltr'><strong>qvoqve</strong></span> <span class='ocrx_word' id='word_1_262' title='bbox 801 3600 957 3674; x_wconf 86' lang='lat' dir='ltr'><strong>delatum</strong></span> <span class='ocrx_word' id='word_1_263' title='bbox 992 3607 1057 3689; x_wconf 90' lang='lat' dir='ltr'><strong>est,</strong></span> <span class='ocrx_word' id='word_1_264' title='bbox 1093 3600 1157 3674; x_wconf 89' lang='lat' dir='ltr'><strong>sed</strong></span> <span class='ocrx_word' id='word_1_265' title='bbox 1187 3599 1350 3674; x_wconf 89' lang='lat' dir='ltr'><strong>diverbia</strong></span> <span class='ocrx_word' id='word_1_266' title='bbox 1374 3599 1421 3674; x_wconf 90' lang='lat' dir='ltr'><strong>ad</strong></span> <span class='ocrx_word' id='word_1_267' title='bbox 1446 3599 1606 3675; x_wconf 88' lang='lat' dir='ltr'><strong>tibicinis</strong></span> <span class='ocrx_word' id='word_1_268' title='bbox 1632 3599 1759 3675; x_wconf 91' lang='lat' dir='ltr'><strong>modos</strong></span> <span class='ocrx_word' id='word_1_269' title='bbox 1784 3599 1944 3684; x_wconf 88' lang='lat' dir='ltr'><strong>recitata,</strong></span> 
     </span>
     <span class='ocr_line' id='line_1_26' title="bbox 316 3717 1946 3818; baseline -0.002 -25"><span class='ocrx_word' id='word_1_270' title='bbox 316 3720 456 3815; x_wconf 87' lang='lat' dir='ltr'><strong>qvando</strong></span> <span class='ocrx_word' id='word_1_271' title='bbox 483 3721 624 3818; x_wconf 82' lang='lat' dir='ltr'><strong>qvidem</strong></span> <span class='ocrx_word' id='word_1_272' title='bbox 650 3720 719 3795; x_wconf 91' lang='lat' dir='ltr'><strong>hoo</strong></span> <span class='ocrx_word' id='word_1_273' title='bbox 744 3743 861 3816; x_wconf 86' lang='lat' dir='ltr'><strong>genus</strong></span> <span class='ocrx_word' id='word_1_274' title='bbox 887 3720 1040 3795; x_wconf 87' lang='lat' dir='ltr'><strong>diverbii</strong></span> <span class='ocrx_word' id='word_1_275' title='bbox 1065 3719 1172 3794; x_wconf 90' lang='lat' dir='ltr'><strong>etiam</strong></span> <span class='ocrx_word' id='word_1_276' title='bbox 1197 3720 1235 3794; x_wconf 93' lang='lat' dir='ltr'><strong>in</strong></span> <span class='ocrx_word' id='word_1_277' title='bbox 1261 3720 1462 3818; x_wconf 78' lang='lat' dir='ltr'><strong>soliloquiis</strong></span> <span class='ocrx_word' id='word_1_278' title='bbox 1488 3719 1639 3816; x_wconf 89' lang='lat' dir='ltr'><strong>reperiri</strong></span> <span class='ocrx_word' id='word_1_279' title='bbox 1663 3743 1773 3817; x_wconf 92' lang='lat' dir='ltr'><strong>posse</strong></span> <span class='ocrx_word' id='word_1_280' title='bbox 1796 3717 1946 3814; x_wconf 89' lang='lat' dir='ltr'><strong>sumpsi·</strong></span> 
     </span>
     <span class='ocr_line' id='line_1_27' title="bbox 315 3837 1945 3936; baseline -0.001 -24"><span class='ocrx_word' id='word_1_281' title='bbox 315 3862 406 3914; x_wconf 87' lang='lat' dir='ltr'><strong>mus.</strong></span> <span class='ocrx_word' id='word_1_282' title='bbox 458 3839 510 3915; x_wconf 83' lang='lat' dir='ltr'><strong>At</strong></span> <span class='ocrx_word' id='word_1_283' title='bbox 543 3861 629 3914; x_wconf 85' lang='lat' dir='ltr'><strong>vero</strong></span> <span class='ocrx_word' id='word_1_284' title='bbox 662 3839 741 3914; x_wconf 88' lang='lat' dir='ltr'><strong>fieri</strong></span> <span class='ocrx_word' id='word_1_285' title='bbox 775 3840 908 3936; x_wconf 83' lang='lat' dir='ltr'><strong>neqvit,</strong></span> <span class='ocrx_word' id='word_1_286' title='bbox 936 3847 976 3914; x_wconf 92' lang='lat' dir='ltr'><strong>nt</strong></span> <span class='ocrx_word' id='word_1_287' title='bbox 1001 3862 1045 3915; x_wconf 90' lang='lat' dir='ltr'><strong>ea</strong></span> <span class='ocrx_word' id='word_1_288' title='bbox 1070 3840 1228 3935; x_wconf 91' lang='lat' dir='ltr'><strong>suspicio</strong></span> <span class='ocrx_word' id='word_1_289' title='bbox 1254 3840 1487 3916; x_wconf 85' lang='lat' dir='ltr'><strong>adhaerescat</strong></span> <span class='ocrx_word' id='word_1_290' title='bbox 1510 3840 1558 3914; x_wconf 88' lang='lat' dir='ltr'><strong>ad</strong></span> <span class='ocrx_word' id='word_1_291' title='bbox 1584 3841 1725 3914; x_wconf 89' lang='lat' dir='ltr'><strong>cantica</strong></span> <span class='ocrx_word' id='word_1_292' title='bbox 1751 3837 1945 3915; x_wconf 79' lang='lat' dir='ltr'><strong>Sannionis</strong></span> 
     </span>
     <span class='ocr_line' id='line_1_28' title="bbox 316 3958 1945 4057; baseline -0.001 -24"><span class='ocrx_word' id='word_1_293' title='bbox 316 3967 352 4033; x_wconf 93' lang='lat' dir='ltr'><strong>et</strong></span> <span class='ocrx_word' id='word_1_294' title='bbox 378 3958 505 4051; x_wconf 82' lang='lat' dir='ltr'><strong>Getae,</strong></span> <span class='ocrx_word' id='word_1_295' title='bbox 533 3980 681 4056; x_wconf 88' lang='lat' dir='ltr'><strong>qvorom</strong></span> <span class='ocrx_word' id='word_1_296' title='bbox 707 3958 752 4033; x_wconf 93' lang='lat' dir='ltr'><strong>de</strong></span> <span class='ocrx_word' id='word_1_297' title='bbox 777 3959 847 4033; x_wconf 91' lang='lat' dir='ltr'><strong>hoc</strong></span> <span class='ocrx_word' id='word_1_298' title='bbox 872 3959 962 4033; x_wconf 92' lang='lat' dir='ltr'><strong>nihil</strong></span> <span class='ocrx_word' id='word_1_299' title='bbox 988 3959 1163 4050; x_wconf 77' lang='lat' dir='ltr'><strong>addimus,</strong></span> <span class='ocrx_word' id='word_1_300' title='bbox 1191 3959 1236 4034; x_wconf 92' lang='lat' dir='ltr'><strong>de</strong></span> <span class='ocrx_word' id='word_1_301' title='bbox 1261 3960 1325 4036; x_wconf 93' lang='lat' dir='ltr'><strong>illo</strong></span> <span class='ocrx_word' id='word_1_302' title='bbox 1351 3968 1469 4035; x_wconf 89' lang='lat' dir='ltr'><strong>autem</strong></span> <span class='ocrx_word' id='word_1_303' title='bbox 1495 3983 1558 4036; x_wconf 88' lang='lat' dir='ltr'><strong>eas</strong></span> <span class='ocrx_word' id='word_1_304' title='bbox 1586 3959 1785 4057; x_wconf 90' lang='lat' dir='ltr'><strong>turpissimi</strong></span> <span class='ocrx_word' id='word_1_305' title='bbox 1804 3958 1945 4033; x_wconf 89' lang='lat' dir='ltr'><strong>lenonis</strong></span> 
     </span>
     <span class='ocr_line' id='line_1_29' title="bbox 315 4079 1944 4177; baseline -0.002 -21"><span class='ocrx_word' id='word_1_306' title='bbox 315 4080 479 4176; x_wconf 83' lang='lat' dir='ltr'><strong>querelas</strong></span> <span class='ocrx_word' id='word_1_307' title='bbox 505 4102 577 4154; x_wconf 93' lang='lat' dir='ltr'><strong>non</strong></span> <span class='ocrx_word' id='word_1_308' title='bbox 601 4079 708 4153; x_wconf 89' lang='lat' dir='ltr'><strong>aliter</strong></span> <span class='ocrx_word' id='word_1_309' title='bbox 733 4079 863 4175; x_wconf 80' lang='lat' dir='ltr'><strong>dignas</strong></span> <span class='ocrx_word' id='word_1_310' title='bbox 890 4079 1145 4154; x_wconf 78' lang='lat' dir='ltr'><strong>existimandae</strong></span> <span class='ocrx_word' id='word_1_311' title='bbox 1172 4101 1264 4170; x_wconf 85' lang='lat' dir='ltr'><strong>esse,</strong></span> <span class='ocrx_word' id='word_1_312' title='bbox 1292 4104 1384 4177; x_wconf 88' lang='lat' dir='ltr'><strong>qvae</strong></span> <span class='ocrx_word' id='word_1_313' title='bbox 1409 4081 1508 4156; x_wconf 88' lang='lat' dir='ltr'><strong>tibiis</strong></span> <span class='ocrx_word' id='word_1_314' title='bbox 1533 4082 1724 4157; x_wconf 91' lang='lat' dir='ltr'><strong>comitibus</strong></span> <span class='ocrx_word' id='word_1_315' title='bbox 1749 4102 1837 4155; x_wconf 89' lang='lat' dir='ltr'><strong>usae</strong></span> <span class='ocrx_word' id='word_1_316' title='bbox 1860 4079 1944 4168; x_wconf 90' lang='lat' dir='ltr'><strong>sint,</strong></span> 
     </span>
     <span class='ocr_line' id='line_1_30' title="bbox 315 4198 1945 4297; baseline -0.001 -23"><span class='ocrx_word' id='word_1_317' title='bbox 315 4200 387 4274; x_wconf 92' lang='lat' dir='ltr'><strong>nisi</strong></span> <span class='ocrx_word' id='word_1_318' title='bbox 418 4208 459 4273; x_wconf 92' lang='grc'><strong>11</strong></span> <span class='ocrx_word' id='word_1_319' title='bbox 487 4199 740 4296; x_wconf 91' lang='lat' dir='ltr'><strong>pantomimica</strong></span> <span class='ocrx_word' id='word_1_320' title='bbox 765 4199 902 4273; x_wconf 90' lang='lat' dir='ltr'><strong>ratione</strong></span> <span class='ocrx_word' id='word_1_321' title='bbox 928 4221 1122 4295; x_wconf 86' lang='lat' dir='ltr'><strong>expressae</strong></span> <span class='ocrx_word' id='word_1_322' title='bbox 1147 4207 1325 4296; x_wconf 89' lang='lat' dir='ltr'><strong>putentur,</strong></span> <span class='ocrx_word' id='word_1_323' title='bbox 1353 4200 1410 4276; x_wconf 90' lang='lat' dir='ltr'><strong>cui</strong></span> <span class='ocrx_word' id='word_1_324' title='bbox 1437 4201 1579 4297; x_wconf 90' lang='lat' dir='ltr'><strong>qvidem</strong></span> <span class='ocrx_word' id='word_1_325' title='bbox 1605 4202 1658 4277; x_wconf 88' lang='lat' dir='ltr'><strong>rei</strong></span> <span class='ocrx_word' id='word_1_326' title='bbox 1684 4200 1835 4276; x_wconf 89' lang='grc'><strong>1111111</strong></span> <span class='ocrx_word' id='word_1_327' title='bbox 1860 4198 1945 4273; x_wconf 91' lang='lat' dir='ltr'><strong>inde</strong></span> 
     </span>
     <span class='ocr_line' id='line_1_31' title="bbox 315 4318 1945 4418; baseline -0.001 -25"><span class='ocrx_word' id='word_1_328' title='bbox 315 4318 491 4415; x_wconf 88' lang='lat' dir='ltr'><strong>captando</strong></span> <span class='ocrx_word' id='word_1_329' title='bbox 515 4320 700 4393; x_wconf 87' lang='lat' dir='ltr'><strong>materiam</strong></span> <span class='ocrx_word' id='word_1_330' title='bbox 726 4318 945 4416; x_wconf 87' lang='lat' dir='ltr'><strong>praeclaram</strong></span> <span class='ocrx_word' id='word_1_331' title='bbox 971 4318 1184 4411; x_wconf 91' lang='lat' dir='ltr'><strong>obtulerunt,</strong></span> <span class='ocrx_word' id='word_1_332' title='bbox 1211 4319 1250 4395; x_wconf 92' lang='lat' dir='ltr'><strong>id</strong></span> <span class='ocrx_word' id='word_1_333' title='bbox 1275 4320 1370 4417; x_wconf 90' lang='lat' dir='ltr'><strong>qvod</strong></span> <span class='ocrx_word' id='word_1_334' title='bbox 1394 4322 1629 4418; x_wconf 85' lang='lat' dir='ltr'><strong>perspexerit,</strong></span> <span class='ocrx_word' id='word_1_335' title='bbox 1657 4321 1717 4417; x_wconf 85' lang='lat' dir='ltr'><strong>qvi</strong></span> <span class='ocrx_word' id='word_1_336' title='bbox 1742 4341 1861 4395; x_wconf 90' lang='lat' dir='ltr'><strong>rerum</strong></span> <span class='ocrx_word' id='word_1_337' title='bbox 1887 4318 1945 4393; x_wconf 90' lang='lat' dir='ltr'><strong>de·</strong></span> 
     </span>
     <span class='ocr_line' id='line_1_32' title="bbox 316 4438 1748 4538; baseline 0.001 -26"><span class='ocrx_word' id='word_1_338' title='bbox 316 4438 544 4536; x_wconf 89' lang='lat' dir='ltr'><strong>scriptionem</strong></span> <span class='ocrx_word' id='word_1_339' title='bbox 570 4438 857 4536; x_wconf 88' lang='lat' dir='ltr'><strong>pantomimiuam</strong></span> <span class='ocrx_word' id='word_1_340' title='bbox 882 4439 1097 4534; x_wconf 83' lang='lat' dir='ltr'><strong>cogitaverit</strong></span> <span class='ocrx_word' id='word_1_341' title='bbox 1122 4440 1160 4514; x_wconf 92' lang='lat' dir='ltr'><strong>in</strong></span> <span class='ocrx_word' id='word_1_342' title='bbox 1185 4440 1254 4530; x_wconf 91' lang='lat' dir='ltr'><strong>his,</strong></span> <span class='ocrx_word' id='word_1_343' title='bbox 1282 4464 1373 4537; x_wconf 88' lang='lat' dir='ltr'><strong>qvae</strong></span> <span class='ocrx_word' id='word_1_344' title='bbox 1399 4440 1481 4517; x_wconf 92' lang='lat' dir='ltr'><strong>leno</strong></span> <span class='ocrx_word' id='word_1_345' title='bbox 1508 4464 1630 4517; x_wconf 89' lang='lat' dir='ltr'><strong>secum</strong></span> <span class='ocrx_word' id='word_1_346' title='bbox 1656 4441 1748 4538; x_wconf 82' lang='lat' dir='ltr'><strong>agit:</strong></span> 
     </span>
    </p>
   </div>
   <div class='ocr_carea' id='block_1_5' title="bbox 516 4608 1695 4949">
    <p class='ocr_par' dir='ltr' id='par_1_8' title="bbox 516 4608 1695 4949">
     <span class='ocr_line' id='line_1_33' title="bbox 925 4608 1396 4714; baseline 0.004 -27"><span class='ocrx_word' id='word_1_347' title='bbox 925 4608 999 4687; x_wconf 81' lang='lat' dir='ltr'><strong>Pro</strong></span> <span class='ocrx_word' id='word_1_348' title='bbox 1024 4634 1191 4711; x_wconf 83' lang='lat' dir='ltr'><strong>supreme</strong></span> <span class='ocrx_word' id='word_1_349' title='bbox 1216 4612 1396 4714; x_wconf 77' lang='lat' dir='ltr'><strong>Iuppiter,</strong></span> 
     </span>
     <span class='ocr_line' id='line_1_34' title="bbox 516 4726 1542 4834; baseline 0.002 -28"><span class='ocrx_word' id='word_1_350' title='bbox 516 4726 678 4806; x_wconf 73' lang='lat' dir='ltr'><strong>Minume</strong></span> <span class='ocrx_word' id='word_1_351' title='bbox 702 4729 817 4806; x_wconf 81' lang='lat' dir='ltr'><strong>miror</strong></span> <span class='ocrx_word' id='word_1_352' title='bbox 842 4729 907 4829; x_wconf 79' lang='lat' dir='ltr'><strong>qui</strong></span> <span class='ocrx_word' id='word_1_353' title='bbox 930 4730 1091 4808; x_wconf 76' lang='lat' dir='ltr'><strong>munire</strong></span> <span class='ocrx_word' id='word_1_354' title='bbox 1117 4733 1297 4834; x_wconf 69' lang='lat' dir='ltr'><strong>occipiunt</strong></span> <span class='ocrx_word' id='word_1_355' title='bbox 1320 4757 1369 4809; x_wconf 82' lang='lat' dir='ltr'><strong>ca</strong></span> <span class='ocrx_word' id='word_1_356' title='bbox 1395 4733 1542 4811; x_wconf 76' lang='lat' dir='ltr'><strong>iniuria.</strong></span> 
     </span>
     <span class='ocr_line' id='line_1_35' title="bbox 516 4844 1695 4949; baseline 0.006 -26"><span class='ocrx_word' id='word_1_357' title='bbox 516 4844 631 4927; x_wconf 84' lang='lat' dir='ltr'><strong>Domo</strong></span> <span class='ocrx_word' id='word_1_358' title='bbox 658 4873 715 4924; x_wconf 82' lang='lat' dir='ltr'><strong>mc</strong></span> <span class='ocrx_word' id='word_1_359' title='bbox 741 4849 886 4949; x_wconf 66' lang='lat' dir='ltr'><strong>munit,</strong></span> <span class='ocrx_word' id='word_1_360' title='bbox 913 4849 1142 4928; x_wconf 68' lang='lat' dir='ltr'><strong>uerberauit:</strong></span> <span class='ocrx_word' id='word_1_361' title='bbox 1167 4875 1224 4928; x_wconf 84' lang='lat' dir='ltr'><strong>me</strong></span> <span class='ocrx_word' id='word_1_362' title='bbox 1248 4852 1360 4930; x_wconf 73' lang='lat' dir='ltr'><strong>inuito</strong></span> <span class='ocrx_word' id='word_1_363' title='bbox 1387 4851 1539 4931; x_wconf 69' lang='lat' dir='ltr'><strong>abducto</strong></span> <span class='ocrx_word' id='word_1_364' title='bbox 1561 4875 1695 4930; x_wconf 85' lang='lat' dir='ltr'><strong>meam:</strong></span> 
     </span>
    </p>
   </div>
   <div class='ocr_carea' id='block_1_6' title="bbox 314 5053 1942 5242">
    <p class='ocr_par' dir='ltr' id='par_1_9' title="bbox 314 5053 1942 5242">
     <span class='ocr_line' id='line_1_36' title="bbox 416 5053 1942 5138; baseline -0.001 -22"><span class='ocrx_word' id='word_1_365' title='bbox 416 5053 449 5130; x_wconf 64' lang='lat'><strong>⁴)</strong></span> <span class='ocrx_word' id='word_1_366' title='bbox 477 5055 621 5135; x_wconf 78' lang='lat' dir='ltr'><strong>Exempla</strong></span> <span class='ocrx_word' id='word_1_367' title='bbox 650 5057 793 5135; x_wconf 87' lang='lat' dir='ltr'><strong>praebent</strong></span> <span class='ocrx_word' id='word_1_368' title='bbox 822 5059 902 5136; x_wconf 88' lang='lat' dir='ltr'><strong>apud</strong></span> <span class='ocrx_word' id='word_1_369' title='bbox 933 5059 1103 5121; x_wconf 86' lang='lat' dir='ltr'><strong>Terentium</strong></span> <span class='ocrx_word' id='word_1_370' title='bbox 1133 5060 1163 5120; x_wconf 90' lang='lat' dir='ltr'><strong>in</strong></span> <span class='ocrx_word' id='word_1_371' title='bbox 1192 5060 1336 5138; x_wconf 76' lang='lat' dir='ltr'><strong>Adelphis</strong></span> <span class='ocrx_word' id='word_1_372' title='bbox 1357 5061 1504 5122; x_wconf 87' lang='lat' dir='ltr'><strong>canticum</strong></span> <span class='ocrx_word' id='word_1_373' title='bbox 1526 5059 1678 5128; x_wconf 81' lang='lat' dir='ltr'><strong>Aeschini,</strong></span> <span class='ocrx_word' id='word_1_374' title='bbox 1700 5058 1782 5136; x_wconf 87' lang='lat' dir='ltr'><strong>apud</strong></span> <span class='ocrx_word' id='word_1_375' title='bbox 1804 5057 1942 5116; x_wconf 86' lang='lat' dir='ltr'><strong>Plautum</strong></span> 
     </span>
     <span class='ocr_line' id='line_1_37' title="bbox 314 5156 1153 5242; baseline 0.01 -26"><span class='ocrx_word' id='word_1_376' title='bbox 314 5156 449 5233; x_wconf 84' lang='lat' dir='ltr'><strong>Tyndari</strong></span> <span class='ocrx_word' id='word_1_377' title='bbox 470 5159 615 5221; x_wconf 85' lang='lat' dir='ltr'><strong>canticum</strong></span> <span class='ocrx_word' id='word_1_378' title='bbox 638 5160 668 5220; x_wconf 94' lang='lat' dir='ltr'><strong>in</strong></span> <span class='ocrx_word' id='word_1_379' title='bbox 691 5159 824 5238; x_wconf 79' lang='lat' dir='ltr'><strong>Captivis</strong></span> <span class='ocrx_word' id='word_1_380' title='bbox 847 5164 891 5238; x_wconf 87' lang='lat' dir='ltr'><strong>(v.</strong></span> <span class='ocrx_word' id='word_1_381' title='bbox 914 5163 935 5224; x_wconf 87' lang='grc'><strong>1.</strong></span> <span class='ocrx_word' id='word_1_382' title='bbox 959 5165 1153 5242; x_wconf 76' lang='lat' dir='ltr'><strong>tls-5³2).</strong></span> 
     </span>
    </p>
   </div>
   <div class='ocr_carea' id='block_1_7' title="bbox 0 0 2368 6264">
    <p class='ocr_par' dir='ltr' id='par_1_10' title="bbox 0 0 2368 6264">
     <span class='ocr_line' id='line_1_38' title="bbox 0 0 2368 6264; baseline 0 0"><span class='ocrx_word' id='word_1_383' title='bbox 0 0 2368 6264; x_wconf 95' lang='lat' dir='ltr'><strong> </strong></span> 
     </span>
    </p>
   </div>
  </div>
 </body>
</html>
