4726 6270
409 509 452 573 30
948 506 1171 572 Euussnus
1199 525 1220 571 u
1247 507 1420 573 Bsuuba.

367 709 435 782 bns
469 705 690 801 temporibus
724 705 763 780 hi
793 704 869 800 jam
903 704 942 778 in
968 727 1035 779 usu
1062 705 1179 800 eraut)
1205 705 1388 781 institutas
1402 707 1438 800 ⁴⁸¹)
1465 713 1502 780 et
1519 706 1609 780 foris
1629 707 1770 784 auditas
1788 707 2006 804 cogitatione

367 811 576 923 completius
611 832 677 899 est.
732 825 825 899 Nam
860 825 946 919 qvid
981 832 1038 899 est
1072 825 1172 915 illud,
1210 826 1305 922 qvod
1335 824 1602 926 spectatoribus
1628 826 1753 928 ipsis
1779 837 2008 926 opponuntur

367 948 430 1021 alii
465 945 610 1043 qvidam
645 944 805 1019 inflatum
840 945 1007 1019 tibiarum
1041 947 1252 1020 audientes?
1305 946 1354 1019 Hi
1388 945 1556 1020 videlicet
1587 946 1614 1020 ii
1641 955 1735 1036 sunt,
1763 948 1825 1044 qvi
1851 949 2006 1023 nondum

366 1076 589 1164 spectatores
624 1066 722 1155 facti,
757 1065 912 1140 nondum
944 1066 982 1138 in
1009 1067 1134 1140 cuncis
1161 1074 1197 1140 et
1223 1066 1408 1140 orchestra
1434 1067 1617 1140 sedebant.
1670 1065 1773 1140 Haec
1799 1067 2007 1164 interpreta-

365 1190 416 1262 tio
453 1211 495 1262 eo
530 1187 700 1275 firmatur,
737 1186 832 1280 qvod
865 1186 918 1260 ita
943 1186 1169 1260 continuatur
1195 1186 1290 1281 apud
1317 1185 1500 1259 Donatum
1527 1186 1640 1260 oratio
1668 1189 1727 1284 (ea
1752 1188 1872 1262 omnia
1897 1190 2009 1263 verba

366 1332 480 1404 usqve
506 1308 553 1382 ad
579 1308 685 1381 finem
711 1306 828 1380 libelli
854 1307 1042 1403 seqventia
1068 1306 1253 1402 proposita
1279 1314 1363 1379 suut
1389 1328 1499 1403 supra
1524 1330 1559 1403 p.
1583 1315 1604 1383 5
1626 1307 1708 1402 sq.),
1729 1315 1769 1381 ut
1787 1308 1839 1382 ibi
1857 1308 2006 1397 dicatur,

366 1428 543 1525 quomodo
579 1436 664 1516 tum,
702 1449 782 1500 cum
813 1426 937 1500 fabula
969 1451 1050 1501 non
1084 1435 1381 1523 spectaretur,
1411 1427 1455 1500 de
1481 1436 1693 1522 argumento
1720 1428 1800 1522 ejus
1826 1429 1885 1502 vel
1912 1430 2007 1503 serio

366 1550 425 1623 vel
447 1551 575 1644 jocoso
601 1548 660 1621 vel
685 1547 780 1620 iuter
806 1554 994 1642 utrumque
1021 1571 1137 1644 genus
1164 1547 1281 1620 medio
1309 1570 1328 1621 e
1355 1547 1454 1621 tibiis
1467 1547 1624 1643 judicari
1642 1549 1812 1643 potuerit:
1832 1549 1903 1637 ubi,
1923 1549 2008 1644 qvia

367 1670 477 1744 latine
505 1669 576 1743 dici
603 1690 689 1741 sane
718 1690 789 1742 non
816 1675 968 1763 possunt
993 1669 1102 1742 tibiae
1129 1690 1198 1742 saa
1222 1665 1403 1764 pravitate
1428 1666 1564 1741 saian
1584 1664 1795 1743 comoediae
1814 1666 2007 1745 dictionem

359 1789 667 1890 pronuntiare,
701 1798 865 1883 apertum
900 1788 1066 1862 mendum
1092 1787 1362 1883 agnoscendum
1389 1794 1425 1860 et
1450 1810 1516 1883 pro
1533 1785 1828 1887 pronuntiabant
1851 1790 2007 1864 scriben-

368 1911 451 1985 dum
473 1905 842 2008 praenuntiabant
865 1930 1011 1996 ceuseo;
1044 1949 1088 1960 -
1117 1908 1178 1980 ubi
1206 1930 1312 2003 porro
1339 1907 1431 1982 alias
1457 1908 1579 1998 tibias,
1607 1931 1698 2003 qvae
1726 1908 1903 1984 acuminis
1924 1909 2006 1984 leni·

367 2037 441 2105 tate
463 2027 594 2127 jacam
626 2025 663 2101 in
691 2024 880 2102 comoedia
908 2025 1159 2120 ostendebant,
1185 2050 1257 2101 non
1282 2028 1374 2125 ipsis
1401 2027 1674 2123 spectatoribus,
1703 2028 1775 2124 qvi,
1803 2029 1889 2124 qvid
1910 2029 2007 2124 joco·

367 2173 446 2224 sum
481 2153 588 2236 esset,
623 2146 710 2243 qvid
736 2169 818 2235 non,
846 2146 992 2220 aliunde
1018 2147 1147 2222 melius
1174 2156 1446 2242 cognoscerent,
1474 2148 1540 2222 sed
1565 2148 1674 2221 tibias
1700 2156 1837 2221 tantum
1864 2149 2006 2224 audien·

366 2272 462 2345 tibus
484 2269 605 2364 jocum
633 2267 837 2341 ostendisse
863 2267 1139 2362 intelligendum
1165 2275 1235 2357 est;
1270 2310 1311 2321 —
1343 2291 1412 2364 qvo
1433 2267 1513 2342 loco
1533 2268 1687 2364 deniqvc
1707 2268 1775 2341 hoc
1795 2276 2005 2344 extremum:

367 2389 430 2467 abi
456 2395 575 2465 autern
603 2384 737 2462 derna
763 2394 801 2461 et
823 2385 977 2462 sinistra
1004 2394 1087 2462 acta
1108 2386 1243 2483 fabata
1271 2386 1550 2480 inscribebatur,
1577 2387 1708 2463 mistim
1724 2385 1812 2485 joci
1834 2395 1872 2463 et
1888 2389 2007 2487 prani-

366 2518 459 2587 tates
495 2505 801 2583 denuntiabantur
835 2507 1010 2580 tranatam
1045 2509 1204 2582 confinet
1238 2509 1477 2582 narrationem
1512 2508 1557 2582 de
1583 2508 1720 2604 judicio
1751 2508 1909 2583 fabulam
1935 2532 2008 2583 non

367 2630 617 2728 spectantium,
646 2628 711 2701 sed
737 2626 879 2701 titulum
905 2628 1011 2702 modo
1038 2629 1116 2724 ejus
1143 2628 1340 2723 legentium
1367 2651 1412 2701 ex
1437 2627 1506 2701 hoc
1532 2628 1656 2724 petito.
1702 2627 1754 2703 Ut
1774 2651 1858 2702 vero
1878 2629 1916 2702 in
1936 2630 2007 2703 Do·

367 2752 443 2825 nati
477 2750 521 2823 dc
557 2749 741 2822 comoedia
775 2747 898 2822 libello
925 2749 1037 2822 multa
1063 2771 1157 2823 nuuc
1184 2757 1268 2822 sunt
1294 2749 1415 2823 verbis
1441 2748 1587 2822 omissis
1614 2756 1797 2822 contracta
1824 2757 1859 2823 ct
1885 2749 2007 2823 decur-

366 2881 452 2962 tata,
488 2893 560 2944 non
595 2869 700 2942 debet
736 2891 947 2965 qvemqvam
973 2869 1081 2942 nimis
1109 2869 1289 2944 offendere
1315 2869 1523 2966 repentinus
1549 2868 1611 2942 ille
1639 2876 1675 2941 et
1700 2891 1772 2942 non
1798 2876 1881 2942 ante
1907 2892 2007 2965 prae·

366 3001 515 3090 paratus
541 2990 715 3064 transitus
742 2989 789 3063 ad
815 2990 923 3063 tibias
948 2990 987 3062 in
1014 2990 1168 3063 scenicis
1196 2989 1514 3064 exercitationibus
1534 2989 1624 3063 foris
1644 2989 1796 3080 auditas,
1817 2997 2007 3085 postqvam

367 3113 458 3188 nihil
494 3110 690 3185 antecessit
720 3117 863 3206 praeter
889 3110 979 3184 illud
1008 3107 1232 3208 Hajasmodi
1259 3107 1352 3184 adeo
1379 3108 1544 3184 carmina
1571 3105 1623 3184 ad
1647 3108 1757 3185 tibias
1779 3108 1928 3205 fiebant.
1961 3152 2005 3163 -

367 3236 486 3330 Atqve
521 3231 612 3305 adeo
646 3238 747 3304 tanta
780 3231 818 3303 in
854 3230 1033 3303 Donatum
1066 3229 1246 3324 injustitia
1276 3231 1333 3303 vir
1358 3229 1421 3303 ille
1448 3230 1702 3304 celeberrimus
1728 3231 1806 3319 ruit,
1834 3238 1873 3304 ut
1900 3230 2007 3304 etiam

362 3351 695 3453 pronuntiationem
722 3350 767 3425 tit
790 3350 830 3442 a,
858 3351 977 3425 omnia
995 3358 1116 3425 cetera
1133 3351 1171 3424 in
1189 3349 1329 3424 actione
1347 3350 1491 3424 fabulae
1509 3351 1789 3440 antecedentem,
1810 3351 1879 3424 etsi
1897 3350 2008 3423 multa

367 3474 411 3549 de
448 3497 490 3547 ea
524 3471 780 3569 grammaticus
815 3472 853 3546 in
883 3471 1007 3545 libello
1034 3470 1078 3543 de
1106 3468 1290 3543 comoedia
1315 3470 1473 3566 loquitur
1500 3477 1535 3544 ct
1562 3470 1723 3563 ejusdem
1749 3470 1802 3544 rei
1828 3470 1865 3543 iu
1891 3470 2008 3544 tribus

365 3592 649 3691 praefationibus
685 3590 857 3680 meminit,
893 3591 939 3663 ab
973 3590 1055 3685 ipso
1090 3595 1200 3662 totam
1235 3612 1301 3686 per
1335 3612 1491 3664 errorem
1523 3588 1644 3663 fictam
1670 3612 1751 3664 esse
1777 3590 2005 3664 asseverarit.

367 3712 440 3790 Sed
466 3713 511 3786 de
537 3712 606 3785 hac
631 3733 671 3784 re
698 3710 820 3784 verbis
845 3732 994 3805 parcere
1020 3732 1087 3783 nos
1114 3709 1200 3783 sinit
1225 3710 1413 3805 praeclara
1433 3709 1629 3804 disputatio
1650 3708 1834 3782 Dziatukii
1847 3707 1916 3805 ll*),
1938 3733 2009 3805 qva

366 3832 495 3909 confisi
529 3854 601 3905 non
638 3830 854 3920 dubitamus,
891 3830 977 3926 qviu
1011 3852 1089 3902 mos
1124 3829 1187 3903 ille
1221 3829 1340 3919 tuerit,
1369 3835 1407 3904 ut
1433 3851 1561 3902 nomeu
1587 3829 1731 3903 fabulae
1758 3851 1838 3903 cnm
1864 3829 2008 3902 nominc

365 3961 494 4051 poetae
528 3960 612 4027 ante
646 3951 836 4047 prologum
873 3950 917 4024 de
953 3972 1062 4024 scena
1095 3950 1395 4045 pronuntiaretur.
1449 3948 1505 4023 Ne
1541 3971 1626 4022 vero
1660 3948 1709 4036 id,
1746 3949 1841 4044 qvod
1867 3947 1913 4023 de
1938 3949 2007 4023 hoc

367 4073 492 4149 eodem
527 4095 599 4146 non
630 4071 750 4146 minus
782 4071 939 4145 breviter
963 4071 1003 4144 in
1028 4070 1181 4166 prologo
1207 4070 1374 4144 iteratum
1401 4077 1457 4143 est
1482 4069 1639 4166 (iteratio
1665 4070 1827 4166 profecto
1853 4092 1925 4144 non
1951 4093 2006 4144 su·

365 4193 616 4291 pervacauea),
651 4191 773 4264 statim
799 4198 835 4265 et
861 4191 963 4265 nulla
987 4213 1027 4264 re
1053 4190 1314 4264 interveniente
1339 4190 1537 4279 afferretur,
1565 4196 1703 4279 cantus,
1731 4197 1814 4286 post
1839 4181 1912 4264 tam
1938 4189 2007 4263 sol·

366 4314 509 4390 lennem
534 4311 850 4410 proclamationem
878 4310 1154 4408 exspectandus,
1182 4332 1270 4385 sane
1296 4310 1438 4385 videtur
1463 4310 1681 4400 interfuisse,
1710 4334 1780 4407 qvo
1802 4312 1882 4386 loco
1901 4311 2007 4386 inter·

469 4539 501 4616 *)
532 4539 577 4599 De
606 4538 653 4600 bis
683 4536 946 4599 exercitationibus
974 4535 1040 4596 cftr.
1070 4535 1194 4597 Carolus
1216 4536 1337 4613 Magnis
1360 4535 1390 4595 in
1413 4536 1513 4597 Ranae
1535 4536 1587 4596 des
1610 4536 1691 4595 daun
1710 4535 1845 4602 Mandas,
1864 4541 1942 4618 tom
1966 4538 2006 4596 22

366 4642 468 4718 (semei
496 4645 533 4720 4)
562 4661 593 4718 p.
625 4644 793 4701 279-286
824 4641 911 4716 („Dc
932 4643 963 4700 ta
985 4641 1056 4700 mise
1078 4657 1115 4700 err
1136 4633 1225 4699 scine
1246 4641 1318 4699 elaea
1340 4640 1381 4699 les
1403 4641 1583 4720 Anciars“);
1611 4639 1660 4715 qvi
1683 4645 1780 4697 tamen
1803 4638 1892 4697 etiam
1915 4638 2007 4698 verba

366 4745 487 4811 Donati,
518 4743 555 4803 de
583 4743 691 4820 qvibus
714 4743 892 4819 qvacmmus,
914 4748 1050 4819 spectare
1071 4744 1209 4818 opinatur
1231 4741 1270 4800 ad
1293 4741 1445 4801 exordium
1467 4741 1560 4818 ipsius
1582 4741 1709 4801 actionis
1731 4739 1910 4813 tabularum3
1934 4741 2007 4801 dicit

366 4848 453 4915 euim,
475 4846 580 4907 horum
603 4847 712 4907 Donati
736 4845 894 4906 verborum
917 4845 1032 4905 ratione
1054 4844 1166 4912 habita,
1190 4851 1260 4905 tom.
1286 4848 1326 4904 24
1347 4863 1377 4921 p.
1400 4847 1472 4916 429,
1496 4850 1598 4905 annot.
1623 4847 1656 4904 b:
1687 4842 1827 4920 Sauuent,
1850 4845 1955 4920 qaam
1975 4847 2007 4905 Ia

358 4945 449 5027 piice
471 4946 544 5010 ttatt
567 4950 721 5014 anacnne,
746 4949 844 5022 tejcu
867 4950 919 5008 des
939 4947 1034 5023 nates,
1060 4950 1110 5022 qni
1128 4943 1287 5026 pre'ctdctt
1306 4949 1334 5008 te
1350 4950 1508 5024 prolapus,
1531 4950 1664 5022 suffisatt
1676 4963 1760 5023 pour
1778 4948 1863 5019 faire
1886 4949 2007 5009 dminer

360 5055 393 5114 le
414 5055 482 5114 titre
504 5054 542 5114 de
563 5055 595 5113 lc
609 5052 699 5128 pieac
720 5069 784 5113 aaa
804 5058 997 5127 mactatores.

469 5172 520 5250 **)
542 5174 589 5234 Be
603 5174 744 5264 molonis
765 5173 913 5233 Plautinis
933 5179 962 5232 et
985 5172 1172 5232 Terentiana
1194 5173 1383 5246 wettanus
1402 5173 1531 5233 selectae
1553 5169 1692 5247 (bonnae
1716 5171 1824 5247 1864),
1842 5188 1871 5246 p.
1891 5171 2004 5228 1-14.
