4726 6270
405 502 446 565 46
941 496 1161 564 Ennianus
1186 511 1209 560 1
1235 494 1408 562 Bausta

363 722 444 774 esse
480 697 655 772 cauticum
690 695 858 786 rationes,
895 716 987 790 qvae
1020 693 1207 771 Wolffium
1240 716 1312 768 nou
1341 695 1522 790 fugerunt,
1555 701 1706 769 metrum
1731 695 1897 771 versibus
1923 703 1991 770 tro

363 817 497 893 chaicis
525 823 561 891 et
585 814 749 890 iambicis
774 814 865 888 mira
889 814 1062 888 varietate
1088 814 1336 911 compositum,
1363 814 1458 911 qvod
1484 816 1730 890 conturbatum
1755 817 1911 890 animum
1932 840 1991 890 an·

362 938 466 1013 cillae
501 935 675 1033 depingit,
712 941 748 1008 et
783 933 921 1028 „oratio
952 934 1252 1008 vehementiorem
1283 941 1425 1030 gestum
1451 936 1662 1030 postulans“
1689 936 1901 1031 trepidantis
1927 959 1991 1031 per

362 1081 506 1132 scenam
540 1055 711 1144 mulieris,
748 1054 850 1149 cujus
884 1061 991 1149 gestu
1025 1054 1200 1148 qvomodo
1235 1054 1340 1128 etiam
1376 1054 1422 1128 ad
1451 1054 1624 1146 homines,
1655 1055 1700 1130 de
1726 1056 1856 1151 quibus
1881 1056 1993 1130 verba

361 1180 460 1269 fiunt,
489 1176 721 1265 denotandos,
748 1174 810 1270 qvi
836 1174 956 1248 verbis
983 1195 1092 1269 saepe
1118 1174 1305 1249 obscurius
1331 1175 1609 1271 distingvuntur,
1638 1198 1729 1272 opus
1749 1176 1868 1267 fuerit,
1891 1175 1992 1249 iutel-

361 1300 428 1395 ligi
455 1320 542 1372 sane
568 1302 697 1392 potest.
729 1337 773 1348 -
802 1293 1031 1369 Canticorum
1057 1317 1239 1368 numerum
1266 1293 1435 1370 Wolffius
1461 1303 1603 1369 auctum
1629 1294 1743 1370 voluit
1764 1295 1887 1390 qvinto
1910 1317 1994 1390 qvo·

363 1420 455 1508 dam,
492 1416 586 1512 qvod
620 1414 756 1489 nullum
791 1422 857 1488 est.
911 1414 1003 1487 Nam
1038 1413 1115 1487 sive
1149 1421 1298 1488 metrum
1325 1421 1539 1511 spectamus,
1567 1415 1662 1511 qvod
1686 1438 1804 1489 meros
1830 1416 1992 1490 senarios

362 1539 535 1613 iambicos
562 1535 716 1625 exhibet,
745 1534 822 1608 sive
849 1533 1044 1608 orationem
1071 1532 1195 1607 sedato
1221 1533 1337 1630 gradu
1362 1535 1584 1609 incedentem
1611 1542 1647 1608 et
1672 1542 1823 1608 mentem
1847 1533 1991 1630 loqven-

362 1660 410 1733 tis
437 1657 588 1731 maxime
615 1654 853 1750 tranquillam,
881 1675 996 1749 neqve
1023 1652 1155 1748 gaudio
1182 1653 1312 1727 elatam
1337 1677 1452 1751 neqve
1478 1655 1575 1729 tristi
1600 1655 1675 1729 ullo
1694 1662 1790 1729 motu
1808 1654 1990 1750 percitam,

364 1780 467 1875 cujus
494 1798 572 1850 eam
597 1775 713 1870 ipsam
739 1771 1032 1867 tranquillitatem
1057 1780 1165 1868 poeta
1190 1775 1358 1870 opposuit
1381 1774 1493 1849 furori
1519 1774 1712 1873 Pythiadis
1725 1775 1772 1870 ⁴³),
1806 1774 1896 1849 nihil
1923 1797 1992 1847 ma·

363 1899 422 1994 gis
456 1920 480 1970 a
513 1902 619 1969 cantu
653 1893 808 1966 alienum
842 1899 904 1966 aut
933 1891 1050 1966 miuus
1077 1914 1156 1966 eam
1181 1893 1333 1967 11111111
1359 1892 1629 1983 vehementiam,
1657 1916 1749 1990 qvae
1775 1894 1993 1969 canticorum

363 2025 450 2109 erat,
479 2015 686 2090 desiderans
712 2012 866 2086 inveniri
891 2013 1018 2107 possit,
1046 2035 1152 2109 qvam
1178 2012 1407 2108 soliloqvium
1433 2012 1667 2087 Parmenonis
1692 2013 1730 2087 in
1756 2036 1791 2086 v.
1818 2014 1989 2090 1913-

364 2143 438 2214 940
473 2138 556 2235 (111.
595 2142 616 2211 5
649 2156 699 2208 11.
729 2134 778 2227 4).
833 2131 890 2206 Ab
917 2132 1001 2208 11111
1027 2131 1240 2229 quibusdam
1262 2131 1444 2206 hominum
1471 2154 1592 2207 secum
1618 2131 1837 2229 loquentium
1864 2155 1993 2208 sermo·

363 2259 468 2333 nibus
498 2254 697 2331 rectissime
723 2251 894 2327 Wolffius
919 2261 1081 2326 naturam
1108 2251 1240 2326 cantici
1265 2251 1456 2348 abjudicat.
1510 2250 1661 2326 Cantica
1686 2251 1798 2348 igitur
1824 2260 1908 2327 sunt
1933 2252 1994 2326 bu·

358 2381 420 2475 jus
446 2376 589 2451 fabulae
615 2380 792 2471 quattuor,
822 2394 934 2468 eaqve
960 2372 1051 2447 satis
1078 2372 1250 2447 concinne
1277 2372 1477 2462 distributa,
1505 2371 1587 2462 dno,
1610 2394 1701 2467 qvae
1715 2373 1881 2468 proxime
1901 2373 1996 2446 inter

362 2523 402 2575 11
428 2499 569 2586 111111,
596 2496 635 2569 11
661 2500 743 2567 actu
770 2491 927 2566 secundo
953 2500 989 2566 et
1014 2493 1098 2566 item
1125 2493 1194 2566 duo
1221 2492 1340 2565 vicina
1365 2490 1403 2565 iu
1429 2498 1565 2588 quarto.

463 2616 597 2691 Paucis
632 2613 890 2709 respondeatur
925 2613 1077 2708 roganti,
1114 2614 1145 2686 si
1181 2612 1262 2707 qvis
1297 2611 1376 2700 erit,
1413 2611 1579 2706 potiusne
1613 2610 1765 2685 forsitan
1796 2611 1835 2684 in
1860 2610 1929 2700 his,
1957 2619 1995 2685 nt

363 2740 470 2813 etiam
504 2735 609 2810 nobis
645 2734 725 2807 visa
759 2739 852 2821 sunt,
890 2731 1040 2806 canticis
1075 2732 1236 2823 alterum,
1270 2732 1366 2827 qvod
1397 2754 1463 2806 nos
1489 2731 1712 2827 agnovimus,
1741 2730 1923 2828 soliloqvii
1948 2732 1994 2804 ad

359 2860 469 2933 tibias
494 2854 626 2953 prolati
652 2875 768 2948 genus
795 2851 916 2926 lateat.
969 2852 1082 2928 Plane
1108 2852 1213 2942 idem,
1242 2852 1337 2950 qvod
1363 2853 1469 2948 paulo
1495 2860 1578 2927 ante
1604 2854 1654 2948 (p.
1684 2856 1747 2948 39)
1775 2852 1820 2926 de
1847 2850 1995 2926 Sannio·

363 2981 419 3055 nis
445 2979 484 3053 in
509 2976 687 3073 Adelphis
714 2975 853 3049 cantico
881 2973 1013 3048 dictum
1034 2980 1099 3064 est,
1121 2974 1164 3047 de
1184 2973 1355 3048 Doriadis
1373 2971 1645 3068 respondemus:
1666 2972 1797 3046 etenim
1814 2994 1860 3045 ne
1876 2979 1994 3046 mente

362 3100 505 3197 qvidem
539 3094 793 3193 comprehendi
827 3094 902 3169 ulla
936 3101 1055 3189 potest
1086 3094 1188 3184 ratio,
1216 3116 1326 3190 qvare
1352 3093 1460 3189 hujus
1487 3092 1639 3167 ancillae
1666 3091 1725 3165 hic
1750 3115 1868 3166 sermo
1893 3092 1995 3166 tibia·

361 3243 440 3294 rum
467 3218 586 3314 amplo
612 3216 780 3291 comitatu
807 3214 1006 3288 celebratus
1034 3213 1092 3303 sit,
1120 3213 1192 3287 nisi
1218 3237 1271 3304 ea,
1299 3221 1338 3288 ut
1363 3214 1464 3288 locus
1488 3213 1631 3286 daretm
1653 3233 1770 3286 rerum
1791 3235 1995 3308 repraesen-

361 3339 488 3414 tationi
515 3335 798 3435 pantomimicae,
826 3335 929 3430 eique
955 3333 1001 3407 ad
1028 3334 1139 3407 risum
1165 3333 1377 3407 movendum
1402 3333 1471 3406 hoc
1497 3355 1636 3429 qvoqve
1662 3331 1742 3405 loco
1768 3331 1992 3428 peridoneae.

362 3459 530 3536 Ceterum
566 3478 676 3552 super
710 3453 860 3529 canticis
894 3452 1071 3542 Eunuchi,
1107 3452 1228 3548 qvalia
1261 3452 1300 3526 iu
1333 3451 1402 3526 bac
1436 3451 1558 3527 fabula
1593 3454 1753 3547 „saepe“
1789 3458 1825 3525 et
1850 3450 1993 3548 qvidem

362 3579 533 3674 „mutatis
567 3575 683 3651 modis
718 3573 901 3648 exhibita“
936 3595 1017 3648 esse
1052 3573 1227 3668 praefatio
1260 3573 1374 3664 docet,
1408 3573 1543 3663 eadem,
1571 3595 1663 3669 qvae
1690 3573 1734 3647 de
1760 3571 1934 3646 Aeschini
1960 3579 1996 3648 et

361 3700 519 3774 Demeae
546 3696 702 3770 diximus
727 3717 762 3790 p.
792 3699 852 3783 40,
880 3700 1040 3789 repetere
1062 3692 1139 3788 jam
1159 3692 1325 3767 sufficiat.
1366 3691 1447 3767 Hoc
1467 3700 1586 3767 tamen
1608 3701 1795 3788 praeterea
1813 3691 1992 3766 addimus:

363 3820 445 3895 dum
474 3819 514 3892 in
540 3816 679 3891 cantico
706 3813 910 3890 Gnathonis
937 3821 972 3888 11
997 3813 1036 3886 11
1061 3813 1179 3908 priore
1205 3811 1389 3889 Chaereae
1415 3813 1454 3887 hi
1480 3813 1657 3888 tralaticio
1684 3813 1861 3887 canticum
1886 3835 1993 3909 agen·

361 3941 449 4014 tium
483 3960 580 4012 more
616 3945 689 4010 tam
722 3935 850 4009 surdos
882 3941 918 4008 et
944 3955 1071 4007 caecos
1099 3956 1138 4008 11
1164 3934 1346 4029 praebent,
1374 3942 1413 4009 ut
1438 3957 1554 4031 neqve
1580 3934 1701 4023 verba,
1730 3955 1820 4027 qvae
1846 3956 1869 4007 a
1894 3956 1992 4030 prae·

362 4059 525 4136 sentibus
551 4058 835 4152 interponuntur,
863 4054 1010 4128 audiant
1035 4076 1151 4149 neqve
1177 4053 1338 4129 homines
1358 4054 1504 4129 videant
1522 4061 1604 4127 ante
1625 4053 1803 4126 cauticum
1821 4053 1866 4127 ad
1885 4053 1992 4129 linem

362 4179 583 4276 perductum,
619 4176 799 4272 posterius
834 4173 1018 4251 Chaereae
1053 4197 1124 4248 111
1157 4172 1266 4250 11111
1298 4176 1409 4251 ullum
1442 4173 1640 4251 diverbium
1665 4174 1899 4269 interjectum,
1927 4175 1993 4249 sed

361 4301 427 4375 tali
461 4298 565 4373 modo
596 4297 889 4371 antecedentibus
920 4316 1095 4369 annexum
1122 4301 1188 4384 est,
1215 4303 1254 4371 ut
1280 4296 1339 4370 bic
1364 4295 1465 4369 locus
1490 4317 1562 4368 non
1587 4294 1758 4368 minorem
1785 4295 1991 4370 caecitatem

362 4419 640 4512 surditatemque
675 4416 774 4490 illam
809 4415 985 4491 ostendat.
1040 4414 1121 4488 Non
1156 4422 1228 4489 tam
1263 4423 1302 4490 ut
1333 4414 1370 4489 id
1404 4414 1553 4505 eluceat,
1582 4436 1687 4510 qvam
1714 4422 1753 4487 ut
1779 4413 1990 4509 exemplum,

363 4541 456 4615 sicut
491 4539 595 4614 nobis
630 4537 772 4634 quidem
803 4536 954 4626 videtur,
982 4534 1075 4609 baud
1103 4535 1248 4610 dubium
1274 4534 1427 4609 diverbii
1453 4540 1553 4608 extra
1578 4534 1794 4608 canticorum
1822 4534 1992 4608 terminos

362 4660 409 4735 ad
443 4660 551 4734 tibias
585 4657 815 4755 pronuntiati,
852 4679 944 4732 nunc
978 4657 1179 4746 afferamus,
1214 4676 1344 4729 versus
1377 4653 1519 4728 fabulae
1555 4658 1754 4731 539-548
1782 4657 1941 4751 (scenam
1973 4660 1986 4730 l

362 4788 431 4855 act.
460 4780 499 4874 4)
525 4778 585 4852 111
611 4778 836 4873 subjicimus:

365 4951 528 4961 ...-

464 5056 496 5132 *1
526 5056 630 5131 Itaqve
652 5053 735 5122 haee,
757 5060 791 5114 111
813 5053 938 5130 primum
961 5072 1026 5114 enm
1049 5053 1165 5129 aspicit,
1190 5049 1413 5128 indignabunda
1434 5050 1593 5112 exclamat:
1623 5050 1704 5114 Vide.
1727 5056 1760 5109 ut
1782 5051 1943 5119 1111111111,
1966 5051 1992 5109 ai

362 5163 408 5222 dis
422 5163 528 5238 placet
550 5161 594 5235 (u.
619 5161 705 5235 919).
