4726 6270
919 537 1123 615 Quaestiones
1149 539 1368 605 Terentianae.
1875 545 1917 609 53

323 735 451 813 modos
470 736 635 832 faciente
659 733 796 813 Flacco
827 732 974 813 Claudii
995 735 1076 833 filio
1090 737 1133 829 ⁴⁵)
1159 735 1261 813 tibiis
1286 732 1472 830 Serranis,
1499 742 1640 836 totaque
1663 737 1837 817 diuerbiis
1851 743 1955 837 fuae·

324 856 474 932 tissimis
500 864 538 932 et
557 862 697 954 pastum
723 854 1018 933 desiderantibus
1042 856 1225 932 scenicum
1251 861 1289 930 et
1306 855 1528 933 saeuissimis
1547 862 1678 933 ornata
1698 859 1851 937 canticis
1866 861 1952 956 suit.

425 966 805 1072 Circumspicientibus
835 976 951 1068 nobis,
985 1000 1076 1074 qvae
1103 985 1226 1052 essent
1251 978 1401 1068 cantica,
1429 977 1581 1074 primum
1607 1000 1739 1071 eorum,
1768 981 1863 1077 qvod
1888 1004 1956 1057 nec

324 1097 492 1173 Wolffius
518 1119 584 1171 nec
609 1096 674 1171 alii
699 1103 1028 1187 commemorarunt,
1065 1098 1155 1172 satis
1180 1097 1409 1171 manifestum
1434 1097 1552 1172 visum
1578 1106 1645 1173 est.
1699 1097 1892 1176 Continent
1917 1101 1955 1175 id

323 1240 404 1292 cum
429 1217 588 1291 immixto
614 1217 775 1292 diverbio
801 1240 930 1292 versus
955 1217 1100 1291 fabulae
1131 1222 1328 1295 179-192
1357 1218 1416 1292 vel
1442 1242 1477 1292 v.
1511 1224 1631 1295 1-15
1655 1241 1785 1296 scenae
1808 1227 1830 1297 2
1854 1227 1957 1295 aeuus

324 1343 346 1414 2
383 1339 443 1433 (ex
476 1344 618 1411 actuum
652 1344 751 1411 recta
786 1337 1026 1433 descriptione
1061 1337 1270 1427 recentiore,
1303 1345 1410 1413 antea
1441 1361 1492 1414 sc.
1521 1344 1544 1413 4
1572 1346 1640 1413 act.
1673 1338 1719 1434 1).
1772 1340 1862 1436 Agit
1887 1340 1956 1417 hoc

323 1457 498 1531 cauticum
525 1455 622 1531 Geta
647 1479 786 1548 servus,
813 1459 886 1553 qvi,
914 1481 993 1532 oum
1021 1458 1233 1552 necopinato
1252 1457 1376 1533 herum
1394 1458 1561 1533 reducem
1578 1462 1616 1532 in
1633 1467 1737 1555 portu
1756 1462 1953 1556 conspexit,

322 1599 388 1673 per
414 1598 559 1650 scenam
584 1576 740 1650 accurrit
765 1584 802 1651 et
827 1577 1004 1650 interdum
1029 1577 1203 1672 gradibus
1228 1580 1402 1654 sustentis
1421 1601 1592 1676 angorem
1612 1587 1648 1654 et
1667 1581 1827 1655 timorem
1848 1603 1954 1655 enun-
1997 1672 2002 1684 ι

321 1697 398 1770 tiat.
451 1696 545 1770 Eum
579 1704 768 1792 postquam
802 1719 842 1772 se
877 1696 1131 1793 proripientem
1166 1698 1327 1795 Antipho
1361 1700 1452 1773 vidit
1487 1707 1522 1774 et
1552 1699 1729 1774 sollicitus
1755 1699 1954 1776 Phaedriae

320 1816 534 1891 monstravit
567 1819 616 1913 (v.
656 1822 726 1893 177
763 1817 846 1914 sq.),
873 1817 1052 1891 mutinum
1082 1817 1219 1914 incipit,
1247 1818 1342 1914 qvod
1367 1818 1427 1894 hic
1452 1820 1616 1916 ponimus
1642 1843 1714 1894 unu
1739 1842 1818 1894 cum
1845 1821 1953 1895 versi·

320 1937 399 2027 bus,
427 1936 489 2032 qvi
514 1936 674 2031 proxime
701 1945 908 2033 sequuntur,
936 1938 1084 2012 duobus.

429 2173 510 2250 GE.
551 2171 706 2300 liuidus,
737 2173 842 2267 Geta,
866 2176 907 2252 ni
933 2176 1006 2253 iam
1032 2174 1187 2275 aliquod
1209 2173 1276 2251 tibi
1302 2176 1489 2253 ouantium
1515 2178 1636 2253 celere
1661 2178 1845 2278 reperies:

550 2309 614 2386 ltu
638 2334 734 2387 nune
760 2311 965 2412 inpartitum
990 2310 1110 2389 subito
1137 2315 1239 2389 trinta
1266 2317 1301 2388 te
1328 2312 1526 2413 inpendent
1548 2314 1665 2390 mala:

552 2428 658 2523 Quae
682 2434 801 2531 ne‘pue
827 2432 881 2507 uti
905 2430 1064 2508 deuite'rn
1089 2433 1168 2509 seio
1193 2455 1311 2531 neque
1336 2435 1409 2532 puo'
1433 2433 1541 2511 modo
1562 2458 1619 2509 me
1638 2432 1724 2510 inde
1743 2431 1953 2510 extrudam:

346 2557 381 2626 4.
551 2549 646 2627 Nam
672 2554 743 2628 ndu
762 2558 888 2652 potest
911 2552 1028 2628 celari
1053 2559 1179 2629 nostra
1205 2550 1343 2628 diutius
1370 2553 1441 2629 iam
1468 2552 1638 2629 auddciu.
1654 2554 1711 2649 ’Θ

347 2678 381 2747 6.
426 2671 507 2746 AN.
550 2668 758 2763 Quidnam
784 2672 847 2748 ille
872 2675 1069 2749 commotis
1093 2671 1215 2747 uenit?

426 2790 507 2866 GE.
550 2789 637 2868 ium
671 2791 844 2891 te'mporis
877 2790 967 2868 milti
989 2795 1165 2893 pinetum
1197 2789 1251 2867 ad
1277 2789 1372 2867 tunc
1396 2815 1472 2867 rem
1498 2800 1572 2868 est:
1601 2795 1688 2869 drus
1714 2790 1829 2868 adest.
1870 2793 1949 2867 AN.

1444 2908 1546 3002 Ouid
1570 2912 1662 2989 istuc
1687 2913 1833 2989 molisii

426 3031 507 3107 GE.
552 3028 663 3122 Quo'd
693 3053 799 3130 quom
835 3030 1005 3122 audierit,
1041 3029 1143 3130 puo'd
1172 3031 1252 3106 eius
1276 3030 1474 3107 remedium
1501 3033 1682 3108 inueniam
1710 3031 1952 3108 irardudiae?

548 3150 726 3250 Lo'puar?
752 3151 961 3228 iacendum:
987 3152 1153 3228 idaeam?
1178 3150 1363 3250 instipem:
1375 3155 1532 3251 purpem
1551 3153 1631 3228 me?
1648 3152 1798 3228 luterem
1818 3152 1947 3227 leuem.

323 3278 379 3347 10.
548 3268 633 3347 Heu
666 3294 724 3347 me
756 3272 944 3348 miserum:
979 3273 1085 3371 puo'm
1118 3269 1208 3348 milui
1232 3294 1369 3373 paueo,
1402 3279 1474 3347 nrm
1500 3254 1653 3372 inopte
1678 3296 1736 3348 me
1762 3271 1954 3348 enuncia

1440 3415 1572 3468 animi:

548 3509 641 3588 liius
665 3535 722 3588 me
746 3512 905 3606 miseret,
931 3513 968 3588 ei
990 3535 1085 3588 nunc
1110 3511 1230 3604 dmeo,
1257 3512 1291 3588 is
1315 3515 1410 3588 utine
1434 3535 1491 3588 me
1516 3511 1666 3588 retinet:
1700 3535 1784 3586 nam
1811 3508 1950 3608 disque

1440 3653 1484 3709 eo
1511 3638 1619 3724 esset,

546 3748 664 3827 uerte
689 3773 757 3850 epo
784 3750 873 3828 milui
898 3751 1070 3829 uidissem
1096 3759 1134 3828 et
1155 3751 1256 3827 senis
1281 3774 1399 3827 essem
1425 3752 1521 3828 ultus
1548 3749 1797 3828 iraedndiam:

548 3851 698 3969 A'lipuid
720 3873 976 3948 conuasdssem
1003 3878 1113 3971 atque
1136 3870 1222 3947 ltine
1245 3894 1303 3946 me
1327 3871 1529 3948 aduiteram
1547 3871 1735 3973 protinam
1760 3871 1796 3946 iu
1815 3868 1947 3970 pedes.

425 3989 506 4064 AN.
550 3986 667 4081 Ouum
693 4014 775 4066 nam
800 3989 859 4067 tue
879 3991 1011 4090 fupam
1036 3996 1103 4068 aut
1119 3990 1260 4087 furtim
1279 3993 1419 4091 parat?

321 4116 379 4186 15.
425 4109 505 4185 ΘΕ.
547 4107 626 4186 Sed
649 4107 712 4186 ubi
738 4092 971 4211 dnupdouem
998 4111 1207 4212 reperiam?
1241 4117 1307 4187 aut
1329 4134 1403 4210 pua
1429 4115 1609 4210 quadrare
1635 4110 1799 4187 iusistdm
1826 4110 1948 4186 uiam?

423 4229 502 4305 ΡΗ.
544 4226 594 4305 Te
627 4230 799 4307 ndmiuat.
839 4232 920 4307 AN.
960 4229 1096 4309 Nescio
1126 4229 1227 4331 quod
1253 4255 1420 4331 mapnum
1451 4230 1521 4308 toa
1545 4231 1670 4309 nuntio
1697 4232 1848 4331 enpeeto'
1873 4253 1945 4304 rna·

1436 4353 1519 4429 lum.

422 4469 501 4545 PH.
542 4467 612 4562 di,
636 4472 754 4546 sduuu
781 4472 846 4547 es?
884 4470 960 4548 OE.
1001 4468 1158 4547 Domum
1182 4471 1239 4546 ire
1254 4494 1431 4571 perpam:
1458 4470 1511 4549 ibi
1526 4471 1771 4572 plurimumst.

417 4675 450 4751 ⁴)
479 4677 648 4739 Proximum
673 4678 794 4739 verbnm
820 4696 977 4756 perperam
999 4676 1079 4755 apud
1101 4679 1249 4740 Donatum
1271 4677 1405 4739 additum
1426 4696 1491 4739 esse
1513 4683 1640 4739 constat.
1684 4677 1784 4753 Atque
1805 4679 1946 4740 Fruemm

318 4777 424 4839 Clortdi
452 4798 510 4841 non
540 4780 687 4848 libortum.
717 4786 751 4841 nt
779 4782 870 4860 vulgo
899 4782 1016 4854 dicitnr,
1044 4780 1098 4842 sod
1119 4798 1239 4843 servum
1261 4781 1378 4843 claudii
1399 4780 1491 4842 inisse
1511 4782 1664 4858 perspexit
1685 4779 1896 4843 Wilmannsins
1918 4786 1948 4840 et

315 4879 527 4942 domonstravit
545 4900 576 4960 p.
600 4885 639 4945 35
661 4900 707 4960 sq.

415 4982 466 5060 ”J
490 4984 614 5046 Versum
637 4987 772 5062 quntum
793 4987 900 5064 (Quae
920 4984 947 5049 ri
965 5005 1027 5049 nou
1048 4993 1116 5049 astu
1130 4982 1342 5064 prdrridentur,
1363 5002 1411 5048 me
1431 4984 1484 5047 ait
1505 5002 1588 5047 mim
1603 4985 1720 5063 pessuim
1735 4984 1878 5059 dobunt),
1894 4986 1945 5063 qvi

314 5085 447 5148 Animae
474 5092 522 5149 est
549 5105 653 5150 voram
679 5091 751 5156 208.
780 5089 839 5151 huo
865 5090 897 5150 in
925 5091 1010 5152 libris
1029 5091 1242 5168 transpositum
1263 5089 1471 5152 exterminavit
1491 5089 1711 5159 Fleckeisenns
1734 5089 1819 5168 cujus
1841 5107 1945 5151 recen-

313 5189 425 5250 sionem
453 5189 485 5250 iu
513 5190 648 5252 versibus
677 5191 810 5253 Terentii
839 5192 1005 5261 merendis,
1028 5199 1062 5255 ut
1080 5199 1150 5254 anto
1172 5193 1283 5255 dietum
1303 5198 1357 5266 eat,
1379 5192 1600 5283 accuratissimo
1622 5192 1706 5270 seqvi
1727 5191 1943 5254 constituimus.
