4726 6270
457 494 476 555 4
993 491 1215 556 hunuanus
1242 510 1263 556 a
1290 491 1464 556 Baunhs.

412 689 580 785 persequi
606 688 739 778 videar,
768 688 831 762 sed
857 688 948 762 haec
973 697 1092 763 tamen
1112 689 1286 785 ejusmodi
1305 690 1381 763 fere
1402 711 1498 778 esse,
1519 711 1610 785 qvae
1629 689 1762 763 nullius
1781 689 1921 778 oculos,
1941 691 2049 785 paulo

413 808 640 905 diligentiore
667 809 827 884 adhibita
850 809 1121 905 pervestigandi
1147 833 1248 900 cura,
1276 810 1404 906 fugere
1431 816 1607 904 oporteat,
1635 809 1673 883 in
1699 809 1783 883 ahis
1803 819 1921 884 autem
1943 812 2049 883 corri-

412 930 532 1024 genda
559 952 655 1018 esse,
683 953 774 1024 qvae
800 929 862 1003 ille
890 930 1076 1018 disseruit,
1105 938 1140 1003 et
1167 929 1224 1004 vel
1251 929 1487 1025 supplendam
1506 930 1566 1003 vel
1587 938 1710 1004 contra
1727 930 2050 1004 circumcidendam

414 1050 632 1123 canticorum
668 1049 844 1138 Terentii,
882 1072 986 1143 qvam
1021 1050 1223 1145 proposuit,
1261 1049 1576 1137 enumerationem;
1614 1050 1755 1144 qvalem
1790 1059 1830 1124 ut
1864 1058 2051 1145 praeterea

414 1170 590 1244 neminem
617 1169 733 1243 adhuc
760 1169 967 1244 exhibuisse
995 1180 1130 1244 certum
1157 1170 1307 1260 videtur,
1329 1171 1381 1243 ita
1399 1193 1445 1243 ne
1465 1170 1511 1243 ad
1529 1169 1604 1243 ulla
1622 1170 1764 1266 qvidem
1784 1171 1924 1244 cantica
1942 1170 2050 1265 huJus

415 1297 540 1385 poetae
568 1289 844 1363 demonstranda
870 1291 1056 1385 qvisqvam
1083 1289 1244 1379 aliorum,
1274 1298 1443 1385 qnantum
1471 1289 1745 1386 circumspicere
1764 1291 1875 1385 potui,
1897 1291 2051 1364 accessit

414 1418 558 1505 praeter
584 1409 771 1503 Beniejum
799 1417 834 1481 et
861 1408 1079 1506 Grysarum,
1108 1431 1256 1503 qnorum
1282 1409 1345 1483 ille
1371 1417 1508 1482 tantum
1535 1410 1570 1483 in
1597 1410 1886 1484 annotationibus
1912 1411 1957 1483 ad
1980 1411 2050 1484 An-

416 1530 528 1603 driam
565 1537 599 1602 et
635 1528 680 1603 ad
715 1528 901 1624 Adelphos
938 1538 973 1603 et
1007 1551 1078 1602 uno
1113 1528 1192 1603 loco
1218 1528 1265 1602 ad
1291 1528 1503 1603 Eunuchum
1529 1528 1638 1624 hujus
1664 1531 1717 1603 rei
1743 1531 1964 1626 1151111111),
1993 1530 2051 1604 hic

416 1658 534 1724 autem
561 1649 596 1722 in
624 1671 730 1744 opere
758 1649 803 1722 ad
830 1649 927 1722 aliud
954 1657 1138 1744 spectante
1159 1649 1273 1723 obiter
1293 1671 1409 1743 pauca
1429 1648 1473 1722 de
1492 1648 1615 1722 eadem
1634 1671 1672 1722 re
1691 1648 1851 1744 disputat
1863 1649 1931 1745 aa),
1975 1650 2052 1723 Nec

418 1793 502 1844 vero
538 1768 707 1844 Wolffius
742 1769 786 1843 de
822 1770 868 1844 iis
903 1770 1069 1859 canticis,
1106 1792 1196 1865 qvae
1228 1791 1310 1843 esse
1336 1791 1420 1843 vere
1447 1768 1552 1858 dixit,
1581 1768 1701 1843 omnia
1726 1769 1859 1860 attulit,
1888 1792 1979 1865 qvae
2006 1771 2051 1842 ad

417 1890 638 1986 probandum
664 1897 749 1984 apta
775 1897 811 1962 et
837 1890 882 1963 ad
910 1889 1160 1985 explicandum
1188 1888 1394 1964 necessaria
1412 1889 1555 1963 fuerant
1573 1889 1770 1977 afferenda3
1792 1889 1856 1963 sed
1876 1891 1936 1963 1111
1954 1891 2051 1985 qvid·

418 2034 523 2106 qvam
549 2009 790 2084 consideravit
816 2017 956 2105 praeter
983 2010 1191 2083 varietatem
1212 2017 1248 2084 et
1264 2016 1397 2084 motum
1414 2009 1630 2084 concitatum
1649 2010 1754 2084 metri
1771 2019 1808 2084 et
1824 2033 1927 2084 acres
1945 2018 2051 2105 atqve

418 2131 646 2204 vehementes
682 2152 811 2203 sensus
844 2152 1077 2224 personarum
1110 2152 1231 2204 secum
1258 2129 1488 2225 loqventium.
1543 2128 1649 2219 Qvod
1675 2152 1746 2203 non
1773 2131 1937 2205 omnibus
1964 2153 2052 2204 usus

419 2260 474 2325 est
508 2250 603 2323 notis
638 2249 856 2345 cognitionis
892 2260 927 2323 et
957 2249 1100 2344 judicii,
1137 2250 1174 2323 id
1206 2273 1286 2323 cum
1317 2249 1363 2322 ad
1389 2249 1475 2340 alia,
1503 2257 1576 2323 tum
1605 2272 1689 2324 vero
1715 2249 1762 2323 ad
1787 2249 1856 2324 hoc
1881 2250 2050 2346 pertinet,

418 2370 511 2466 qvod
545 2370 583 2444 in
618 2370 831 2465 qvaerendo,
869 2392 959 2465 qvae
994 2377 1115 2465 partes
1149 2370 1349 2444 fabularum
1382 2370 1523 2444 cantica
1555 2378 1690 2460 essent,
1719 2369 1852 2444 nullam
1879 2369 2052 2444 rationem

416 2491 541 2566 habuit
568 2513 704 2580 eorum,
733 2514 824 2587 qvae
851 2490 982 2563 tradita
1008 2499 1092 2564 sunt
1119 2490 1162 2564 de
1189 2498 1295 2565 cantu
1321 2491 1486 2566 tibiarum
1513 2491 1551 2564 in
1577 2490 1635 2565 his
1661 2491 1864 2566 comoediis.
1919 2492 1974 2565 Ac
2003 2499 2051 2563 ta·

418 2634 498 2685 men
531 2609 639 2704 hujus
670 2618 796 2684 cantus
824 2619 896 2683 turn
923 2609 1071 2684 hilarior
1097 2618 1171 2684 tum
1198 2611 1344 2706 gravior
1371 2620 1406 2685 et
1431 2611 1569 2686 tristior
1594 2619 1723 2685 natura
1748 2620 1845 2686 certe
1871 2611 1966 2685 haud
1993 2611 2052 2683 mi·

415 2731 551 2803 nimum
576 2729 623 2803 iis
649 2729 812 2825 partibus
838 2729 997 2816 fabulae,
1026 2753 1117 2825 qvae
1144 2731 1284 2805 cantica
1310 2740 1424 2821 erant,
1449 2732 1715 2806 accommodata
1733 2732 1818 2822 fuit,
1839 2740 2053 2828 propterque

418 2874 496 2924 eam
531 2872 675 2925 causam
707 2873 930 2946 neqvaqvam
964 2859 1047 2924 sunt
1071 2851 1166 2925 inter
1192 2873 1232 2924 se
1260 2850 1498 2947 seJungenda,
1527 2874 1617 2946 qvae
1645 2851 1689 2925 de
1716 2852 1865 2926 canticis
1893 2874 2054 2947 qvasqve

418 2971 462 3044 de
489 2969 588 3043 tibiis
615 2977 829 3045 statuuntur.
884 2969 1019 3045 Verum
1046 2978 1209 3044 contorta
1235 2979 1270 3044 et
1295 2971 1466 3067 impedita
1492 2972 1654 3066 quaestio
1680 2994 1768 3045 sane
1794 2980 1850 3046 est
1872 2971 1917 3045 de
1936 2970 2053 3044 modis

418 3090 564 3164 musicis
591 3090 792 3165 fabularum
818 3091 997 3179 Terentii,
1026 3090 1192 3186 qvoniam
1219 3113 1277 3180 ea,
1306 3114 1397 3188 qvae
1424 3091 1468 3164 de
1493 3090 1619 3164 harum
1645 3091 1744 3166 tibiis
1770 3093 1807 3165 in
1833 3091 1948 3165 titulis
1976 3090 2053 3164 sive

418 3209 626 3285 didascaliis
662 3210 797 3306 scripta
832 3219 930 3301 sunt,
967 3211 1112 3307 saepius
1148 3234 1228 3285 oum
1263 3211 1384 3285 verbis
1419 3212 1679 3306 praefationum
1713 3211 1847 3285 Donati
1873 3220 2051 3306 pugnant,

419 3353 619 3426 magnaqve
652 3330 801 3427 insuper
834 3331 1026 3405 etiamnum
1058 3339 1113 3404 est
1139 3330 1317 3404 dissensio
1345 3330 1527 3406 doctorum
1553 3331 1598 3404 de
1623 3331 1781 3426 ipsarum
1808 3331 1974 3405 tibiarum
2002 3353 2054 3402 ra·

419 3453 513 3525 tione
540 3473 583 3524 ac
609 3450 829 3525 diversitate.
886 3449 1087 3525 Universae
1113 3450 1196 3524 huic
1222 3450 1266 3524 de
1292 3449 1392 3525 tibiis
1414 3451 1616 3546 qvaestioni
1636 3459 1675 3525 ut
1694 3450 1825 3525 clarior
1845 3450 1906 3524 lux
1926 3474 1946 3524 5
1966 3460 2053 3525 trac-

521 3692 553 3767 *)
585 3692 726 3763 „lbrbiiua
756 3693 908 3753 Terentius
937 3695 976 3752 im
1005 3693 1155 3753 Veramoar
1183 3694 1239 3753 der
1272 3692 1422 3766 Urscbrtst
1447 3691 1616 3752 oneratae
1639 3691 1854 3768 (Stutgardiae,
1880 3694 1987 3766 1837).
2012 3726 2052 3733 —

419 3796 569 3855 Editorem
599 3795 731 3854 Terentii
759 3795 869 3854 nullum
893 3795 1049 3854 observavi
1076 3794 1113 3854 de
1135 3795 1259 3871 singulis
1283 3794 1406 3854 canticis
1429 3795 1590 3871 qvidqvam
1613 3795 1757 3862 attulisse,
1781 3794 1838 3853 nisi
1861 3793 1941 3869 qvod
1963 3794 2053 3854 Reiu-

419 3898 509 3959 holdo
532 3898 562 3957 in
585 3898 716 3958 editione
738 3897 874 3957 Eunuchi
897 3898 935 3956 ad
959 3899 1120 3957 clausulam
1142 3897 1172 3956 in
1195 3902 1251 3957 act.
1277 3901 1294 3957 2
1318 3915 1358 3958 sc.
1384 3902 1451 3959 31.
1478 3903 1492 3956 1
1519 3898 1630 3974 aliqvid
1653 3898 1690 3957 de
1713 3898 1827 3958 cantico
1853 3898 1980 3959 subolet.
2025 3897 2054 3955 Is

419 4020 490 4061 vero
513 4008 597 4060 tanta
621 4001 815 4077 perversitate
838 4002 931 4061 verba
951 3999 1032 4068 facit,
1055 4001 1137 4061 velut
1159 4002 1239 4078 qvod
1261 4002 1349 4062 etiam
1372 4018 1478 4061 scenae
1501 4002 1663 4076 supe1i⁰ris
1685 4018 1790 4060 versus
1813 4003 1852 4061 53
1877 4003 2054 4061 51545511·

418 4105 507 4164 ticum
538 4105 585 4163 vel
614 4104 721 4164 cantici
744 4112 857 4180 partem
879 4121 944 4164 esse
967 4105 1074 4165 ibidem
1098 4112 1141 4180 (p.
1168 4106 1242 4181 116)
1266 4105 1438 4174 arbitratur,
1470 4111 1503 4164 ut
1525 4103 1661 4164 facillime
1683 4104 1800 4164 credam
1822 4103 2054 4163 Friedlaendero

419 4209 464 4282 (in
487 4207 610 4266 Beckeri
632 4214 662 4267 et
683 4207 877 4282 Marqurdtii
899 4208 1080 4284 Antiquitat.
1104 4209 1226 4269 Roman.
1256 4209 1305 4267 IV.
1328 4226 1357 4284 p.
1384 4210 1455 4275 539,
1478 4214 1581 4269 annot.
1606 4210 1705 4284 3453)
1734 4214 1763 4267 et
1784 4207 1915 4283 Grysaro
1938 4207 1983 4281 (in
2006 4224 2051 4270 ea.

419 4311 504 4388 eujus
527 4310 630 4370 titulus
653 4318 698 4371 est
721 4310 806 4382 inira,
831 4312 1077 4372 commentatione
1099 4330 1129 4387 p.
1153 4315 1224 4380 371,
1248 4319 1348 4372 annot.
1375 4315 1407 4386 1)
1431 4312 1536 4371 librum
1559 4312 1692 4389 ejusdem
1715 4313 1770 4371 1111
1793 4310 1913 4382 „Under
1928 4311 1977 4369 die
1992 4313 2052 4369 An·

417 4415 564 4489 mendane
595 4416 649 4474 der·
678 4415 778 4474 Mucii
808 4417 839 4475 in
870 4416 928 4475 den
957 4416 1121 4475 Komo'dien
1151 4417 1206 4476 der
1227 4418 1333 4476 Α11511“
1356 4415 1568 4491 (Pascwalciae
1594 4417 1690 4491 1839)
1715 4415 1822 4490 „plane
1844 4413 1998 4472 inutilem“
2023 4418 2053 4471 et

420 4517 658 4587 „alucinantem“
683 4535 757 4583 esse.
781 4535 866 4592 qvem
890 4518 996 4577 librum
1019 4517 1110 4578 nihilo
1132 4518 1229 4578 minus
1251 4519 1425 4595 reqvisitum
1448 4519 1582 4594 accipere
1605 4517 1675 4576 mihi
1697 4536 1756 4578 non
1778 4516 1914 4592 contigit.
1953 4515 1987 4575 In
2003 4533 2051 4575 re-

418 4621 589 4680 centissima
617 4626 646 4680 et
672 4620 827 4680 uberrimis
855 4621 1092 4681 enarrationibus
1115 4621 1259 4682 instructa
1279 4621 1409 4683 editione
1430 4622 1563 4681 Andriae
1584 4621 1790 4696 (Bibliotheca
1811 4620 1923 4679 Latina
1944 4620 2050 4678 minor.

417 4723 455 4782 Il.
489 4723 570 4799 Lips.
598 4727 694 4800 1865)
717 4758 760 4768 -
782 4729 815 4784 ut
837 4724 893 4784 hoe
916 4726 1049 4802 exemplo
1072 4731 1139 4784 utar
1161 4758 1202 4768 -
1225 4725 1342 4800 singula
1364 4725 1481 4785 cantica
1503 4743 1539 4783 ne
1563 4725 1653 4784 verbo
1674 4724 1791 4800 qvidom
1813 4726 1959 4782 monstrat
1976 4720 2051 4780 Klo-

417 4828 504 4891 tnius.
528 4828 573 4885 111
595 4828 785 4888 clarissimus.

519 4946 570 5021 **)
599 4937 703 5022 ,dher
731 4950 788 5009 dna
820 4949 971 5010 Canticum
993 4951 1136 5010 sudden
1162 4949 1292 5009 Choria
1315 4949 1370 5008 der
1389 4949 1555 5007 romiscden
1579 4947 1766 5026 Trepidie“,·
1789 4944 1849 5004 vid.
1871 4949 2051 5004 commenta-

417 5049 530 5109 tionum
552 5051 730 5112 Academiae
753 5054 916 5113 litterarum
932 5053 1170 5113 vindobonensis
1185 5052 1241 5112 sub
1258 5051 1449 5126 inscriptione
1464 5049 1737 5124 Sitzunqsbericbte
1751 5051 1806 5109 der
1817 5046 2051 5124 pbilosophisclt·

416 5153 612 5214 baierischen
638 5155 736 5216 Clarae
757 5157 946 5217 collectarum
969 5162 1041 5216 tom.
1063 5155 1116 5215 XV
1140 5157 1225 5232 (anni
1251 5157 1346 5230 1855)
1369 5173 1399 5230 p.
1424 5155 1483 5214 365
1507 5171 1574 5229 sqq.
