4726 6270
424 570 465 632 70
952 564 1168 631 dnunnons
1193 583 1216 631 Δ
1241 564 1415 631 Bausta

378 767 495 842 euntis
522 765 610 841 adeo
637 763 782 838 excellit
794 763 840 852 *),
873 770 913 836 nt
938 764 1115 838 actionem
1141 762 1400 838 desideraverit
1425 762 1579 838 maxime
1605 765 1789 861 agitatam,
1818 766 1876 840 cui
1901 767 2012 842 tibiae

377 895 460 984 apte
485 884 753 960 intervenerint.
808 883 865 972 Et,
894 882 989 978 qvod
1015 884 1122 958 simul
1148 885 1367 974 observetur,
1386 884 1425 957 in
1444 905 1553 958 scena
1572 885 1768 980 superiore,
1789 908 1880 982 qvae
1897 887 2012 982 prima
2045 937 2052 951 -

377 1007 456 1102 ejus
488 1013 590 1080 aetus
621 1012 677 1078 est
704 1011 739 1077 et
764 1010 956 1098 propterea
980 1003 1147 1077 tibiarum
1174 1011 1328 1093 cantum,
1357 1003 1487 1077 sinon
1513 1003 1608 1076 intra
1633 1027 1685 1095 se,
1712 1012 1750 1079 at
1775 1006 1935 1101 proxime
1960 1016 2010 1082 ta·

376 1149 458 1201 men
493 1133 576 1199 ante
612 1148 651 1198 se
686 1123 820 1213 habuit,
854 1123 969 1197 eidem
996 1131 1108 1198 metro
1136 1147 1155 1197 e
1182 1123 1375 1199 trochaicis
1401 1125 1615 1219 septenariis
1642 1126 1820 1200 constanti
1847 1126 2011 1202 iambico

376 1271 453 1321 rum
489 1245 819 1340 trochaioornmqve
855 1267 1022 1318 versuum
1057 1245 1170 1317 mixta
1203 1244 1360 1318 varietas
1390 1242 1573 1340 praecedit
1605 1251 1641 1318 et
1666 1246 1865 1321 concitatus
1892 1269 2009 1323 sermo

376 1377 442 1441 est.
497 1367 633 1440 Harum
668 1365 779 1461 igitur
813 1386 931 1438 rerum
966 1365 1103 1438 ratione
1129 1364 1252 1438 habita
1279 1362 1456 1436 canticum
1481 1363 1589 1439 breve
1617 1387 1696 1438 oum
1724 1365 1869 1440 insertis
1895 1367 2009 1441 diver·

374 1488 446 1561 biis
481 1486 671 1559 modulatis
701 1485 739 1558 in
766 1507 830 1559 sex
856 1485 931 1557 illis
957 1485 1122 1560 versibus
1149 1507 1245 1558 scen.
1275 1489 1355 1560 2zae
1381 1492 1449 1557 aot.
1479 1484 1553 1573 32ii,
1581 1485 1641 1579 qvi
1667 1493 1751 1559 sunt
1775 1487 1884 1563 totius
1910 1488 2009 1562 fabu-

375 1608 432 1681 lae
469 1609 681 1695 338-343,
719 1604 894 1678 contineri
924 1604 1170 1699 judicaverim.
1207 1646 1258 1657 —
1293 1601 1363 1678 Cui
1391 1603 1531 1678 cantico
1557 1611 1663 1699 atqve
1689 1606 1773 1680 item
1800 1607 1866 1680 toti
1893 1608 2008 1682 eidem

375 1750 503 1802 scenae
537 1734 578 1800 nt
611 1726 772 1821 profecto
807 1724 973 1798 tibiarum
1009 1724 1146 1820 parium
1182 1722 1385 1797 dextrarum
1419 1722 1597 1814 alacritas,
1625 1725 1836 1821 praesertim
1862 1729 2007 1803 mutatis

373 1847 551 1922 interdum
585 1845 702 1919 modis
738 1845 884 1935 variata,
918 1845 969 1917 ita
999 1843 1114 1918 tristis
1142 1843 1363 1918 sinistrarum
1391 1844 1553 1940 gravitas
1579 1845 1626 1918 iis
1652 1846 1818 1920 convenit
1845 1848 2005 1939 canticis,

374 1991 465 2064 qvae
491 1967 528 2038 in
555 1966 681 2039 ultima
707 1964 867 2059 ejusdem
894 1973 996 2039 actus
1022 1971 1124 2061 parte
1151 1986 1232 2039 esse
1259 1965 1469 2060 putaverim.
1522 1964 1733 2063 Pamphilus
1754 1967 1856 2042 initio
1878 1990 2007 2043 scenae

373 2095 574 2184 postremae
609 2086 718 2157 intrat
754 2083 1002 2180 desperatione
1038 2106 1155 2157 rerum
1191 2108 1333 2159 suarum
1365 2093 1491 2181 captus
1518 2094 1555 2161 et
1580 2086 1635 2160 ira
1659 2087 1697 2161 in
1722 2087 1875 2179 Davum,
1904 2091 2007 2185 eujus

373 2207 560 2282 consilium
597 2212 742 2279 secutus
777 2205 914 2277 invisas
950 2203 1021 2277 sibi
1046 2203 1190 2299 nuptias
1216 2227 1288 2278 non
1314 2204 1546 2300 prohibuerit,
1573 2229 1696 2280 verum
1723 2207 1942 2297 accelerarit,
1970 2220 2008 2284 et

373 2350 493 2402 secum
521 2326 690 2423 queritur,
718 2325 871 2397 minatur
897 2323 1151 2419 deliberamus,
1180 2324 1263 2398 dum
1289 2323 1430 2398 Davum
1457 2325 1605 2420 quaerit,
1635 2327 1705 2421 qvi,
1730 2328 1800 2401 sibi
1822 2329 1950 2403 timens
1970 2338 2006 2404 et

371 2470 410 2521 se
446 2447 641 2534 occultans,
678 2445 798 2518 verbis
831 2443 1012 2538 Pamphili
1038 2442 1160 2516 dolore
1186 2443 1396 2538 interruptis
1424 2466 1489 2517 sna
1514 2450 1569 2516 ter
1595 2445 1799 2542 interponit,
1828 2447 1940 2523 donee
1967 2450 2005 2523 in

370 2567 494 2640 oculos
526 2565 768 2639 adolescentis
799 2564 958 2637 incurrit.
1013 2560 1105 2637 Sunt
1129 2562 1219 2636 haec
1245 2586 1384 2659 qvoqve
1411 2563 1542 2637 cantici
1569 2572 1604 2638 et
1631 2587 1709 2639 cum
1737 2568 1876 2642 cantico
1902 2570 2004 2643 mixti

371 2686 523 2760 diverbii
549 2685 722 2759 modulati
748 2683 956 2780 persimilis,
984 2691 1091 2779 atqve
1117 2683 1202 2757 talis
1223 2683 1426 2757 comoediae
1446 2706 1531 2779 pars
1550 2685 1715 2760 omnibus
1734 2690 1891 2763 numeris
1903 2690 2004 2784 J'usta

369 2807 546 2895 videntur,
584 2806 661 2879 sive
697 2813 813 2880 motus
849 2805 1045 2878 animorum
1080 2804 1267 2899 graviores
1294 2810 1330 2877 et
1354 2810 1481 2899 gestus
1508 2826 1597 2894 eam,
1626 2828 1732 2900 qvam
1756 2808 1870 2882 fuisse
1895 2832 2003 2904 appa·

369 2936 433 3015 ret,
462 2926 732 3015 vehementiam,
762 2926 839 2999 sive
866 2932 1015 2999 metrum
1041 2924 1166 2998 horum
1192 2945 1321 2998 novem
1345 2946 1524 3014 versuum,
1548 2924 1643 3020 qvod
1661 2948 1681 3000 e
1698 2927 1890 3002 troohaicis
1909 2938 2001 3003 octo·

368 3048 480 3121 uariis
507 3054 543 3120 et
569 3046 773 3142 septenario
800 3053 835 3121 et
860 3045 1025 3119 iambicis
1052 3043 1245 3118 octonariis
1272 3044 1506 3140 compositum
1532 3053 1598 3135 est,
1627 3054 1842 3142 spectamus.
1894 3048 2001 3123 Hunc

368 3168 486 3263 locum
513 3169 656 3265 (versus
682 3168 707 3240 f.
738 3165 955 3262 oct-mo)
982 3165 1142 3261 proxime
1169 3163 1413 3259 antegreditur
1439 3187 1557 3254 scena,
1585 3165 1623 3239 in
1649 3188 1720 3261 qva
1744 3167 1882 3259 Davus,
1902 3169 2001 3243 abitu

368 3286 527 3362 Simonis
562 3288 661 3361 solus
696 3288 824 3376 factus,
859 3286 944 3360 inde
978 3287 1023 3359 ab
1057 3285 1314 3359 exclamatione
1341 3280 1474 3359 Nullus
1498 3307 1590 3378 sum,
1616 3309 1707 3382 qvae
1733 3289 1896 3363 abeuntis
1922 3288 2000 3363 heri

367 3407 406 3480 in
432 3406 556 3480 eodem
582 3429 689 3480 versu
716 3407 826 3480 verba
852 3405 996 3500 excipit,
1030 3412 1197 3499 qvantum
1218 3426 1265 3478 'se
1291 3405 1454 3495 astutiae,
1483 3428 1573 3501 qvae
1600 3414 1672 3481 tam
1699 3408 1791 3483 male
1818 3409 1998 3498 ceciderit,

367 3550 461 3600 nuno
487 3527 677 3623 poeniteat,
706 3526 757 3599 ita
784 3525 984 3600 confitetur:

1335 3659 1468 3738 Nrillus
1491 3668 1592 3739 sum!

521 3778 624 3872 Quid
647 3783 829 3874 corisoest,
856 3781 943 3880 quain
969 3778 1054 3857 laiac
1079 3781 1116 3856 in
1137 3780 1332 3882 pistrinum
1358 3785 1463 3857 recto
1479 3782 1705 3883 proficiscor
1731 3785 1818 3860 uio?

520 3898 587 3976 Nil
611 3905 669 3977 est
687 3901 795 4002 preci
820 3902 895 3978 loci
916 3901 1098 3977 relictum:
1125 3901 1199 3976 irim
1215 3899 1434 4001 perturbari
1459 3901 1589 3978 onznia.

518 4019 632 4095 Eram
653 4021 801 4116 fefelli:
829 4021 866 4096 in
892 4021 1038 4122 nuptias
1064 4020 1207 4098 conieci
1233 4021 1358 4097 erilem
1379 4021 1524 4117 silium

520 4137 611 4215 Feci
636 4137 747 4215 bodie
773 4147 814 4216 ut
832 4140 976 4238 fierent,
1002 4141 1209 4241 summonte
1234 4137 1304 4217 boc
1331 4141 1440 4239 atque
1466 4141 1579 4220 inuito
1606 4140 1811 4244 Pamphilo.

518 4257 612 4334 Hem
640 4260 813 4337 annitius:
840 4259 941 4360 quod
963 4261 999 4337 si
1022 4261 1213 4359 quiessem,
1239 4261 1292 4336 ntl
1315 4261 1500 4338 mouisset
1521 4264 1619 4339 mali.

364 4432 465 4524 Qvos
492 4454 620 4507 versus
647 4444 911 4529 conseqvuntur
936 4433 1017 4523 duo,
1045 4434 1083 4507 in
1109 4435 1238 4529 qvihus
1265 4457 1306 4509 se
1331 4435 1557 4531 Pamphilum
1583 4437 1785 4512 venientem
1811 4436 1933 4511 videre
1961 4446 1996 4511 et

363 4553 488 4626 timere
524 4553 650 4627 Davus
686 4553 784 4642 dicit,
819 4555 879 4649 qvi
909 4554 1062 4649 qvidem,
1090 4552 1281 4628 adventum
1307 4577 1421 4629 novae
1447 4578 1623 4653 personae
1650 4558 1866 4646 nuntiantes,
1894 4565 1997 4632 extra

361 4671 454 4746 fines
480 4672 622 4762 cantici,
650 4671 755 4767 qvale
782 4681 918 4747 tantum
944 4673 988 4763 is,
1017 4674 1077 4768 qvi
1104 4673 1204 4748 solus
1231 4697 1353 4749 secum
1380 4697 1461 4750 esse
1488 4677 1558 4752 sibi
1584 4677 1737 4769 videtur,
1759 4677 1912 4774 peragit,
1935 4700 1995 4775 po

361 4792 469 4866 nendi
504 4801 599 4865 sunt.
652 4792 696 4865 In
725 4792 801 4868 illis
827 4816 912 4868 vero
938 4794 1064 4889 paucis
1089 4794 1255 4869 versibus
1281 4816 1411 4869 scenae
1437 4797 1678 4892 paenultimae
1704 4805 1804 4872 actus
1832 4799 1906 4887 32ii,
1934 4798 1996 4894 qvi

360 4913 470 4986 totius
504 4912 648 4987 tabulae
683 4919 768 4986 sunt
801 4935 929 4987 versus
961 4917 1033 4990 599
1062 4918 1226 5011 (aparte
1253 4917 1425 5011 extrema)
1454 4923 1586 5007 -ool,
1614 4918 1801 5008 canticum,
1830 4919 1994 5014 qvamvis

463 5119 496 5195 ⁴)
518 5118 659 5196 Beniejus
682 5119 720 5179 ad
742 5118 818 5179 hano
840 5135 957 5179 scenam
981 5120 1149 5180 annotavit:
1174 5120 1261 5180 Dicor
1283 5119 1379 5181 Scene
1400 5124 1437 5182 trt
1454 5123 1520 5196 sart
1538 5139 1620 5198 ponz
1639 5123 1697 5196 lits
1717 5132 1788 5198 qaue
1804 5124 1914 5186 Mimen
1930 5128 1991 5186 ein—
2045 5200 2050 5208 .

358 5223 464 5297 palear.
