4726 6270
958 517 1161 596 Quaestiones
1186 519 1404 584 Terentianae.
1936 523 1952 582 l

360 720 475 797 mitres
496 717 735 820 pastoricium
763 717 870 793 eitam
897 725 1051 816 arerent
1072 740 1185 817 neqve
1209 717 1350 794 scirent
1373 716 1481 792 etiam
1504 739 1615 792 arare
1635 723 1769 793 terram
1787 723 1852 794 aut
1868 740 1994 793 serere

361 839 515 917 arbores
549 845 615 916 aut
638 845 792 939 patare;
823 835 871 915 ab
896 835 956 914 leis
982 837 1162 933 inferiore
1184 835 1306 937 prada
1333 836 1466 913 aetatis
1490 842 1693 938 susceptam
1721 837 1993 936 apricaltaraar.

364 957 544 1052 Quocirca
569 964 607 1035 et
629 957 786 1035 succinit
800 957 1001 1058 pastorali,
1028 955 1124 1056 qaod
1148 962 1205 1035 est
1229 957 1397 1054 inferior,
1432 962 1474 1033 at
1496 956 1587 1034 tibin
1612 956 1764 1033 sinistra
1790 982 1814 1034 a
1841 956 1996 1033 decurre

355 1077 613 1176 foraminibus.
666 1078 839 1152 Extrema
874 1076 1074 1153 Salmasius
1108 1079 1162 1153 sic
1196 1077 1411 1174 corrIgeuda
1436 1087 1574 1153 censet:
1614 1084 1653 1152 at
1677 1076 1768 1154 tibia
1792 1077 1944 1153 sinistra
1972 1100 1996 1152 a

362 1197 494 1275 dextra
522 1195 782 1294 foraminibus,
817 1198 942 1273 dicem
978 1197 1136 1294 inferior
1162 1221 1186 1273 a
1212 1196 1345 1273 dextra
1370 1221 1435 1294 pro
1463 1197 1621 1293 inferior
1647 1196 1779 1274 dextra
1808 1198 1866 1271 vel
1893 1220 1995 1295 qoam

361 1317 495 1396 denda
520 1318 712 1415 scripsisse
738 1317 938 1393 Varronem
965 1318 1406 1414 antiqvaoonsvetudine‚
1435 1319 1538 1413 cujus
1564 1327 1683 1392 tamen
1710 1319 1810 1392 nulla
1833 1318 1996 1414 exempla

361 1440 409 1514 ad
441 1446 593 1516 aetatem
627 1437 814 1530 Varronis,
842 1438 961 1514 omnia
986 1438 1033 1513 ad
1057 1437 1216 1513 infimam
1241 1438 1455 1512 latinitatem
1481 1439 1661 1535 pertinent
1673 1441 1720 1534 *).
1775 1438 1891 1530 Qvam
1917 1461 1996 1534 pro·

361 1562 452 1635 bans
486 1558 751 1648 correctionem,
787 1558 839 1634 ait
873 1557 1079 1633 Boeckhius
1114 1559 1235 1633 verbis
1269 1559 1445 1634 Varronis
1477 1559 1662 1634 evidenter
1693 1559 1845 1633 inditari
1872 1559 1996 1633 tibiam

362 1679 523 1754 danuam
548 1679 653 1774 plura
678 1677 849 1752 habuisse
875 1678 1051 1752 foramina
1077 1701 1182 1773 qvam
1209 1679 1407 1769 sinistram3
1436 1703 1482 1753 ex
1507 1702 1576 1775 qvo
1603 1678 1742 1770 confici,
1770 1686 1810 1753 ut
1835 1680 1998 1753 sonumit

360 1798 512 1875 mutius.
567 1797 706 1872 Horum
730 1798 831 1893 prius
857 1797 948 1872 illud
975 1796 1239 1874 Wilmannsius
1266 1799 1358 1873 male
1386 1800 1564 1889 concedit3
1592 1801 1743 1874 alterum
1765 1822 1852 1873 vcro
1875 1799 1929 1873 sic
1949 1800 1998 1872 ef·

360 1918 422 1994 fici
456 1917 609 2014 cogique
643 1939 753 2013 posse
788 1925 885 1991 recte
920 1923 1046 2012 negat:
1082 1941 1165 1992 nam
1200 1919 1254 1992 rei
1284 1927 1412 1993 natura
1437 1920 1585 1994 refutari
1612 1944 1695 1994 vere
1722 1920 1904 1995 contendit
1929 1919 1998 1993 hoo

361 2039 533 2137 placitum
560 2035 730 2113 Salmasii
755 2061 778 2111 a
803 2036 989 2112 Boeokhio
1015 2038 1206 2133 repetitum
1232 2048 1268 2113 et
1294 2047 1418 2114 contm
1443 2047 1622 2114 auctorem
1650 2064 1803 2130 versum,
1832 2040 1998 2132 „acutius

361 2158 493 2236 tinnIre
528 2158 636 2233 tibias
671 2167 707 2233 et
742 2157 886 2249 elarius,
919 2181 1010 2254 qvae
1040 2158 1204 2254 pluribus
1229 2159 1465 2234 foraminibus
1491 2169 1636 2257 apertae
1663 2161 1746 2251 sint,
1775 2184 1880 2257 qvam
1907 2183 1998 2254 qvae

361 2269 631 2376 paucioubus.“'
681 2278 731 2353 At
764 2277 856 2352 nihil
891 2278 936 2352 de
970 2301 1117 2354 numero
1151 2281 1363 2355 foraminum
1390 2281 1522 2371 Varr03
1552 2282 1613 2377 qvi
1639 2282 1671 2354 si
1698 2281 1832 2354 diceret
1856 2280 1999 2354 forami·

362 2423 446 2476 uum
480 2406 554 2490 aut,
590 2406 629 2473 ut
659 2398 914 2495 interpretatur
938 2398 1152 2474 Deiatzkius
1165 2400 1234 2497 ⁸),
1262 2424 1431 2476 sonorum
1456 2424 1603 2476 numero
1629 2401 1831 2476 Interiorem
1859 2411 1930 2489 aut,
1960 2410 1998 2473 ut

363 2518 551 2618 Grysarus
565 2518 654 2615 ffl),
683 2519 720 2593 vi
745 2520 825 2593 soni
851 2518 1092 2611 infirmiorem,
1120 2543 1226 2616 qvam
1253 2521 1425 2612 dextram,
1453 2521 1592 2595 laevam
1618 2522 1744 2612 fuisse,
1776 2520 1892 2617 qvalis
1922 2528 1996 2594 tum

363 2647 461 2715 esset
487 2639 631 2714 collatio
657 2639 753 2714 vitas
779 2640 974 2735 pastoralis
1001 2648 1037 2715 et
1062 2663 1230 2737 agrorum
1256 2642 1416 2716 culturae
1442 2641 1501 2716 vel
1528 2665 1608 2717 cum
1635 2642 1735 2717 tibiis
1762 2641 1820 2715 vel
1843 2641 1935 2714 inter
1957 2663 1997 2713 se

362 2759 592 2836 collatmuml
629 2759 879 2834 Insulsissima
914 2782 1002 2834 sane
1034 2767 1071 2834 et
1100 2760 1311 2854 falsissima,
1337 2763 1422 2858 qvia
1447 2770 1484 2836 et
1509 2785 1658 2859 prorsus
1684 2761 1784 2836 nulla
1809 2768 1999 2858 appareret

362 2879 572 2969 similitudo,
607 2901 713 2974 qvam
747 2878 920 2955 haberant
944 2879 984 2954 in
1008 2879 1077 2954 hoo
1101 2903 1236 2977 genere
1262 2904 1342 2956 cum
1369 2882 1479 2973 tibiis,
1508 2891 1544 2957 et
1569 2891 1688 2957 tamen
1714 2880 1934 2977 agricultura
1961 2880 1998 2953 in

362 3000 532 3077 inferiore
571 2999 724 3096 qvodam
762 2999 878 3097 gradu
912 2999 1111 3097 dignitatis,
1148 3025 1254 3098 qvam
1288 3002 1418 3098 pastio,
1455 3003 1614 3100 reposita
1647 3002 1770 3078 induci
1805 3000 1996 3075 videretur.

466 3226 499 3300 ³⁶)
529 3224 603 3286 Ostr.
629 3225 666 3286 de
687 3223 744 3284 hoe
766 3242 821 3286 usu
844 3224 978 3286 Haudiue
1001 3226 1030 3285 in
1053 3226 1221 3286 'lomellina
1244 3227 1267 3286 l.
1291 3245 1322 3303 p.
1347 3230 1397 3288 44.
1443 3226 1498 3301 Qvi
1523 3228 1642 3293 erravit,
1667 3227 1747 3303 qvod
1769 3227 1873 3287 codem
1897 3225 1997 3284 retuIIt

363 3328 438 3390 Plin.
461 3329 500 3389 N.
522 3329 560 3388 H.
584 3327 689 3388 XVIII.
717 3331 765 3389 13.
790 3331 844 3389 34:
871 3329 1049 3404 Quanam
1066 3331 1154 3406 prius
1177 3332 1214 3390 de
1235 3331 1320 3405 rapis
1342 3330 1453 3391 dixsse
1475 3333 1641 3394 conaeniat.
1667 3362 1703 3373 -
1721 3333 1752 3390 in
1768 3338 1945 3390 transuerso
1960 3345 1997 3387 ea

364 3434 491 3507 attiaere
510 3433 614 3512 nostri,
633 3433 728 3507 paulo
751 3433 921 3508 ditiaentins
946 3432 1064 3513 Graeci,
1088 3440 1118 3494 et
1137 3434 1193 3508 insi
1215 3439 1312 3492 tamen
1335 3433 1412 3492 inter
1433 3434 1595 3501 hortensia,
1621 3465 1658 3476 -
1681 3436 1708 3492 si
1720 3434 1824 3506 J'astus
1842 3434 1916 3491 ordo
1930 3434 1996 3502 liat.

364 3550 385 3594 a
409 3536 561 3609 framenta
585 3537 727 3609 protinus
755 3541 809 3594 aut
835 3542 916 3595 certe
933 3534 1013 3609 saba
1036 3536 1180 3605 dicendis,
1203 3536 1321 3610 qvando
1345 3536 1398 3595 alii
1419 3552 1489 3594 usas
1503 3540 1713 3609 praestantior
1735 3534 1774 3594 ab
1797 3536 1842 3595 tris
1863 3552 1923 3594 non
1945 3543 1996 3595 est.

364 3636 430 3712 Qvo
459 3638 525 3699 loeo
554 3637 594 3698 ab
621 3638 668 3699 itis
694 3637 845 3714 (Handius
867 3637 907 3698 ab
928 3639 984 3711 iis)
1005 3637 1083 3697 idem
1106 3638 1194 3706 valet,
1217 3656 1252 3697 ac
1267 3645 1340 3713 post
1360 3640 1379 3697 t.
1402 3640 1564 3699 secttndunr
1582 3639 1660 3699 naec
1682 3637 1875 3713 (frumentum
1898 3645 1929 3696 et
1950 3636 1964 3694 s
1982 3669 1997 3679 -

362 3741 454 3816 bam).
484 3759 581 3818 neqve
608 3745 709 3818 potest
734 3740 811 3801 idem
834 3757 900 3800 asae
922 3758 958 3801 aa
981 3757 1067 3815 qaam
1087 3741 1134 3800 tis
1155 3741 1274 3817 (rapis).
1319 3740 1377 3800 Sed
1400 3758 1454 3817 pro
1477 3743 1538 3810 atii,
1563 3742 1647 3819 eujus
1670 3741 1733 3801 loco
1756 3742 1786 3799 iu
1810 3741 1892 3800 libris
1914 3739 1994 3798 MSS.

362 3851 408 3904 est
430 3843 518 3904 etiam
541 3846 627 3921 alius,
650 3843 808 3924 legendum
830 3843 949 3903 videtur
971 3845 1048 3904 aliis.

465 3946 516 4024 **)
545 3946 619 4024 Ejus
647 3945 739 4008 verba
767 3944 841 4006 haec
869 3951 939 4006 sunt
965 3964 994 4022 p.
1024 3948 1099 4006 595:
1131 3949 1191 4006 Ans
1214 3948 1269 4007 der
1290 3946 1380 4008 Stella
1409 3948 1521 4007 Verres
1541 3948 1625 4007 ltaun
1648 3949 1696 4008 icit
1716 3948 1797 4007 aiclrt
1818 3950 1870 4006 mit
1893 3947 1996 4006 Biclrtr

358 4051 491 4126 salpen,
522 4052 594 4111 dass
621 4051 670 4110 die
697 4051 820 4111 sinistra
842 4048 915 4110 tibia
938 4050 1043 4123 tiesere
1066 4050 1147 4111 Tine
1166 4050 1278 4124 ernau
1299 4048 1377 4110 habe
1399 4053 1444 4110 als
1467 4053 1516 4111 die
1537 4039 1665 4116 dextra,
1679 4052 1811 4110 sondern
1833 4067 1901 4118 nur,
1925 4052 1997 4109 dass

362 4151 443 4214 diere
472 4154 518 4213 als
544 4151 689 4228 obtiaates
709 4152 888 4213 Instrumeut
908 4153 1104 4226 (incentiva),
1118 4153 1195 4225 jene
1216 4169 1270 4213 aar
1291 4154 1420 4228 bitilona
1442 4155 1649 4226 (succentiea)
1671 4154 1865 4227 capemendet
1885 4153 1996 4223 rearde,

361 4258 459 4317 nomit
485 4255 723 4327 ubannstirnmt
753 4257 824 4316 dass
853 4257 902 4316 die
930 4262 950 4314 t.
979 4257 1101 4316 sinistm
1129 4256 1279 4329 „inferior
1305 4273 1326 4316 a
1349 4257 1477 4316 destrae
1494 4254 1716 4330 foraminibus*
1739 4256 2000 4324 enarrarent

362 4361 491 4433 meuiper
521 4359 602 4420 Tine
629 4360 780 4434 antsmste.
825 4359 905 4435 Ergo
934 4358 1147 4434 agriculturam
1176 4375 1294 4434 qvoqve
1322 4375 1494 4418 censemus
1523 4358 1603 4434 apud
1632 4359 1780 4418 Romanos
1802 4358 1995 4434 appendicem

363 4461 510 4536 qrandam
531 4462 676 4538 pastionis
698 4468 729 4523 et
750 4461 871 4522 miuoris
893 4461 1031 4522 momenti
1054 4461 1270 4522 existlmatami

464 4564 532 4638 aaa)
562 4565 615 4626 Ait
641 4583 671 4642 p.
696 4567 773 4626 378:
806 4566 882 4626 Dass
903 4566 952 4625 die
974 4566 1101 4625 dertare
1122 4567 1259 4640 seuniae
1278 4567 1334 4626 der
1355 4567 1481 4640 deseren
1505 4566 1638 4640 Tanlaae
1660 4568 1746 4625 einen
1769 4574 1858 4624 etrras
1878 4565 1995 4624 starte-

361 4681 417 4726 rea
444 4665 544 4741 Ktana
570 4669 661 4736 hatte,
682 4683 716 4728 so
735 4669 790 4729 trie
810 4667 984 4769 amartetes
1005 4669 1054 4728 die
1074 4669 1198 4728 sinistra
1217 4671 1303 4728 einer
1324 4669 1540 4736 saturietatem,
1565 4671 1603 4728 ist
1623 4684 1704 4742 pane
1725 4669 1886 4728 naualietr.
1931 4668 1996 4726 lta·

362 4767 459 4827 ducit
481 4767 555 4829 ater
577 4772 691 4831 erkldrt
710 4771 774 4830 sicit
797 4772 862 4831 eine
883 4770 971 4830 Notiz
993 4768 1041 4831 bei
1070 4771 1176 4838 Varro,
1199 4787 1242 4829 rao
1266 4787 1300 4831 er
1321 4787 1378 4831 eon
1398 4773 1464 4831 dem
1485 4772 1749 4846 Zosammeaspiete
1769 4770 1872 4831 deider
1891 4772 1994 4830 Ftr'r'ten

361 4877 446 4944 seat:
473 4868 642 4932 Succinit
670 4871 744 4933 titia
768 4875 900 4942 sinnas,
930 4875 1009 4947 qaod
1027 4882 1070 4934 est
1092 4875 1268 4949 inferior,
1291 4890 1312 4933 a
1334 4875 1480 4935 dexterae
1498 4874 1709 4948 foraminibus,
1732 4875 1761 4933 a.
1783 4874 1812 4933 tr.
1837 4875 1892 4932 das
1912 4873 1997 4947 Spiel

362 4973 419 5033 der
436 4973 560 5032 siniam
581 4975 618 5034 ist
635 4975 694 5048 sur
715 4976 764 5036 die
783 4976 904 5036 sta't'rtrer
923 4978 1050 5038 tinente
1072 4980 1199 5038 dextera
1221 4979 1269 5037 ein
1290 4979 1555 5053 anteraeordnetes
1573 4981 1867 5053 accompapnenent.
1905 4975 1994 5036 Ordi-

361 5093 429 5135 nem
451 5073 607 5135 verborum
628 5075 770 5137 VarronIe
791 5082 900 5138 tamma
923 5079 1048 5140 mutavit
1071 5086 1100 5140 et
1121 5080 1402 5156 interpunctionem
1426 5098 1485 5141 uon
1508 5081 1584 5140 enlm
1607 5080 1681 5140 tibia
1702 5080 1739 5139 ab
1762 5079 1885 5138 alterius
1903 5079 1993 5138 tibiae

349 5176 563 5250 ¹foraminibus,
586 5178 640 5239 aad
663 5185 777 5241 tantum
798 5199 817 5240 a
839 5182 901 5243 suis
923 5182 1016 5260 ipsius
1038 5183 1190 5244 succinere
1212 5184 1319 5259 potuit.
