4726 6270
962 513 1166 592 Quaestum
1192 516 1409 583 Terentianae.
1918 519 1958 583 st

472 713 560 793 Tum
587 717 707 792 nutem
732 711 865 812 Syram
891 713 1124 814 depulsorem,
1150 711 1235 807 nal,
1261 711 1393 813 quibus
1417 713 1517 790 illam
1543 712 1747 790 luenure'm
1772 712 1913 792 modis!

471 832 654 913 Sablones
678 832 834 909 modium
860 834 1059 934 creperum
1085 839 1124 910 et
1146 834 1266 935 capite
1282 835 1440 934 pro'num
1467 833 1505 909 in
1532 839 1666 911 turum
1691 836 1899 928 stdtaerem,

479 952 524 1033 Vt
547 952 699 1031 cdrebm
726 951 918 1054 disperpcit
940 953 1050 1029 aium.

472 1056 700 1149 Adulescenti
726 1072 799 1174 ipsi
824 1073 1004 1172 erponem
1031 1073 1168 1165 oculos,
1189 1075 1277 1172 pdst
1299 1063 1392 1150 doec
1410 1072 1654 1174 praecipitem
1681 1070 1817 1149 dorem.

475 1192 625 1270 Oileos
650 1215 792 1268 merem
819 1194 966 1291 dperem
992 1215 1159 1294 raperem
1186 1191 1373 1268 tunderem
1399 1199 1438 1269 et
1453 1197 1739 1294 prosternerem.

369 1436 426 1511 De
459 1432 747 1531 pronuntiatione
782 1432 934 1510 diverbii
969 1433 1108 1508 candeo
1141 1434 1270 1509 inserti
1303 1458 1373 1509 non
1409 1435 1514 1510 video
1548 1435 1711 1509 homines
1746 1434 1871 1509 doctos
1896 1434 2001 1509 aliter

369 1555 502 1631 sentire
536 1553 664 1644 solere,
700 1576 744 1628 ac
778 1553 823 1628 de
857 1554 1008 1628 aliorum
1043 1554 1297 1630 diverbiorum:
1334 1555 1453 1630 omnia
1489 1555 1582 1629 enim
1609 1554 1770 1629 diverbia
1796 1555 1875 1629 sine
1900 1554 2001 1629 tibiis

367 1673 596 1772 pronuntiata
631 1695 712 1747 esse
748 1673 880 1748 dicunt.
934 1675 992 1748 En
1027 1697 1112 1749 vero
1144 1674 1204 1748 hic
1230 1675 1393 1771 exempla
1418 1673 1575 1751 diuerbii
1601 1671 1653 1750 nd
1676 1672 1787 1749 titius
1811 1672 1998 1750 modulati.

367 1795 477 1870 Nullo
504 1794 599 1868 enim
623 1801 729 1890 pacto
756 1793 927 1868 credibile
953 1793 1032 1868 fieri
1057 1801 1178 1890 potest
1203 1794 1311 1868 tibias
1337 1803 1419 1891 post
1445 1819 1479 1869 v.
1508 1802 1542 1885 6,
1564 1795 1719 1869 nondum
1739 1793 1841 1868 finita
1860 1801 2000 1868 senten·

366 1916 418 1989 tia
452 1914 580 2005 Getae,
613 1921 730 1990 mutas
756 1915 873 1988 factas
900 1936 991 2004 esse,
1019 1914 1205 1988 utstatim
1230 1937 1355 1989 rursus
1381 1939 1404 1988 a
1428 1939 1463 1988 v.
1492 1920 1514 1991 8
1542 1916 1777 2005 succinerent,
1805 1922 1913 2010 atqve
1937 1913 1999 1988 ite·

367 2059 443 2109 rum
478 2035 597 2109 subito
631 2034 727 2108 intra
759 2057 792 2106 v.
829 2039 874 2109 10
902 2034 940 2107 in
966 2033 1083 2107 medio
1110 2033 1202 2128 pede
1227 2035 1375 2109 metrico
1402 2035 1629 2125 conticuisse,
1658 2036 1773 2109 donec
1798 2035 1914 2109 denuo
1941 2056 1999 2107 an·

366 2155 436 2229 diri
462 2155 633 2229 deberent
657 2154 705 2228 ad
732 2154 1024 2228 exclamationem
1051 2153 1167 2229 Getae
1194 2153 1231 2227 in
1257 2153 1329 2228 fine
1354 2176 1481 2228 versus
1512 2161 1570 2245 11,
1598 2177 1678 2228 cum
1697 2178 1768 2250 qva
1787 2153 1998 2227 vocabulum

366 2275 583 2350 antecedens
608 2298 672 2371 per
698 2261 884 2348 elisionem
910 2274 1048 2348 vocalis
1073 2275 1311 2349 confunditur.
1364 2273 1568 2351 Cernuntur
1593 2274 1652 2349 hic
1677 2275 1838 2371 profecto
1866 2273 2000 2348 indicia

365 2395 666 2492 pronuntiationis
696 2395 791 2469 notis
818 2394 1005 2491 signisque
1033 2395 1261 2490 compositae,
1299 2395 1416 2490 qvalis
1441 2394 1499 2469 his
1525 2396 1743 2491 temporibus
1770 2401 1917 2468 vocatur
1942 2414 1997 2466 re·

366 2514 523 2591 citatius.
576 2515 769 2589 Praeterea
795 2514 952 2610 intelligi
979 2514 1085 2588 etiam
1111 2523 1239 2611 potest,
1268 2515 1443 2610 qvomodo
1468 2516 1505 2590 in
1532 2515 1602 2589 hoc
1628 2515 1767 2590 cantico
1788 2513 1904 2587 modis
1926 2534 1997 2584 mu·

365 2634 454 2709 sicis
478 2656 544 2730 per
568 2635 729 2709 immixta
754 2634 916 2708 diverbia
941 2633 1092 2708 variatio
1118 2636 1239 2709 afferri
1265 2636 1433 2730 potuerit:
1461 2659 1576 2731 neqve
1596 2636 1688 2711 enim
1710 2656 1908 2709 sermonem
1927 2655 1997 2705 ma·

364 2764 489 2829 tronae
524 2761 560 2828 et
592 2754 752 2843 nutricis,
785 2753 838 2828 rei
864 2753 1067 2828 noscendae
1094 2754 1213 2829 studio
1239 2762 1423 2851 captarum
1449 2763 1485 2830 et
1510 2778 1598 2830 sane
1623 2755 1748 2830 timere
1771 2754 1847 2850 jam
1873 2752 1997 2848 incipi·

365 2875 509 2963 entium,
545 2881 733 2970 postquam
768 2874 815 2948 ad
850 2874 1011 2948 ultimum
1047 2897 1190 2948 versum
1222 2898 1352 2950 scenae
1385 2876 1582 2972 superioris
1607 2877 1733 2950 ambae
1758 2876 1851 2949 bono
1877 2873 1996 2947 animo

363 2996 518 3085 fuerunt,
552 2994 617 3069 sed
643 3018 734 3090 qvae
760 2995 915 3068 nondum
942 2995 1032 3069 satis
1058 2995 1250 3091 qvidqvam
1276 2997 1422 3071 auribus
1450 3006 1486 3071 et
1511 3004 1629 3071 mente
1654 3001 1891 3092 perceperunt
1916 2994 1995 3091 (cfr.

364 3140 397 3188 v.
428 3122 463 3206 Ἰ,
495 3122 552 3205 10,
585 3115 657 3212 11),
694 3115 817 3189 eadem
848 3115 995 3189 tristitia
1020 3115 1271 3190 modulationis
1299 3117 1427 3208 decuit,
1461 3139 1551 3214 qvae
1576 3117 1718 3192 initium
1744 3115 1875 3191 cantici
1901 3113 1997 3189 servi

365 3235 484 3310 omnia
509 3235 746 3331 desperantis.
799 3235 966 3331 Denique
991 3235 1061 3310 hoc
1087 3258 1226 3334 qvoqve
1252 3237 1477 3333 intelligitur,
1497 3237 1614 3334 ipsius
1631 3238 1763 3312 cantici
1781 3236 1906 3310 modos
1922 3256 1995 3309 mu·

364 3363 458 3430 tatos
485 3377 578 3445 esse,
605 3355 666 3430 ubi
692 3355 824 3446 abjecti
849 3355 959 3429 animi
985 3379 1179 3430 maerorem
1206 3357 1400 3454 depingere
1422 3359 1498 3453 jam
1525 3359 1634 3434 desiit
1658 3365 1694 3433 et
1720 3358 1853 3432 sensim
1879 3376 1996 3428 assur·

363 3475 419 3570 git
451 3474 499 3548 ad
532 3476 704 3570 majorem
739 3498 882 3570 semper
915 3476 1005 3550 iram
1040 3484 1076 3550 et
1109 3477 1307 3552 ulciscendi
1338 3479 1580 3575 cupiditatem,
1615 3478 1673 3553 cui
1699 3477 1796 3553 Geta
1820 3474 1995 3573 qvomodo

364 3593 534 3668 satisfieri
559 3593 658 3684 velit,
687 3594 757 3668 sibi
782 3603 866 3670 ante
892 3597 1016 3671 oculos
1041 3597 1218 3693 proponit,
1247 3599 1583 3694 repraesentandam
1609 3598 1707 3694 (iude
1732 3621 1756 3671 a
1779 3619 1814 3668 v.
1837 3600 1859 3672 8
1880 3615 1994 3690 usqve

363 3714 410 3788 ad
435 3713 568 3812 finem).
621 3714 784 3789 Dixerim
809 3716 917 3790 tibias
937 3724 1020 3813 post
1040 3724 1225 3814 utrumque
1247 3717 1445 3792 diverbium
1462 3718 1659 3792 animosius
1678 3724 1714 3791 et
1730 3715 1869 3804 fortius,
1889 3736 1995 3810 qvam

364 3841 481 3924 antea,
517 3857 646 3909 sonare
672 3835 836 3931 coepisse
863 3844 899 3912 et
924 3837 1134 3913 variemtem
1159 3838 1343 3913 modorum
1369 3837 1500 3911 canhci
1525 3837 1705 3933 signatam
1730 3836 1844 3910 samse
1869 3855 1934 3930 per
1959 3833 1993 3923 Ι,

362 3955 417 4046 Π,
444 3955 503 4029 ΠΙ
527 3955 574 4030 iis
600 3954 702 4045 locis,
730 3956 858 4053 quibus
885 3956 923 4031 hi
949 3959 1087 4032 numeri
1113 3981 1223 4055 supra
1248 3958 1396 4054 ascripti
1422 3965 1515 4032 sunt.

464 4075 658 4150 Praeterea
682 4076 753 4150 tria
778 4076 919 4151 cantica
943 4077 980 4151 in
1007 4078 1183 4174 Adelphis
1210 4077 1378 4154 Wolfiius
1404 4077 1602 4169 verissime,
1624 4098 1731 4151 unum
1750 4082 1879 4167 autem,
1899 4074 1993 4172 qvod

361 4195 485 4271 ordine
510 4196 663 4292 primum
689 4204 797 4287 esset,
825 4220 1011 4294 perperam
1037 4198 1219 4273 indicavit.
1270 4199 1419 4274 Illorum
1445 4199 1482 4273 in
1509 4219 1655 4272 numero
1682 4204 1737 4271 est
1765 4195 1993 4293 soliloquium

362 4315 536 4391 Aeschini
568 4317 608 4391 in
641 4324 711 4392 aot.
747 4317 798 4393 Azi
824 4340 921 4392 scen.
950 4324 1031 4394 Azae
1057 4319 1222 4394 versibus
1252 4323 1373 4396 1-25
1401 4320 1450 4414 (v.
1477 4319 1503 4392 f.
1533 4318 1761 4415 oteness),
1789 4316 1884 4412 qvod
1910 4335 1993 4389 esse

362 4437 538 4511 mnticum
565 4459 680 4527 nemo,
709 4438 827 4528 credo,
855 4461 926 4512 non
952 4438 1053 4529 vidit,
1081 4439 1143 4534 qvi
1167 4438 1205 4512 id
1230 4462 1345 4534 genus
1372 4439 1530 4514 carmina
1551 4439 1589 4512 iu
1608 4436 1778 4512 Terentio
1798 4433 1991 4531 quaesivit:

363 4556 492 4630 etenim
527 4565 775 4653 argumentum
809 4557 916 4653 hujus
943 4559 1123 4654 soliloqvii
1150 4581 1221 4632 non
1247 4559 1375 4650 minus,
1403 4581 1509 4654 qvam
1534 4566 1685 4632 metrum
1710 4555 1816 4628 valde
1841 4553 1990 4640 varium,

363 4695 407 4747 ex
433 4677 636 4766 trochaicis,
657 4678 831 4769 iambicis,
853 4676 1101 4752 choriambicis
1121 4679 1285 4753 versibus
1306 4679 1551 4775 compositum,
1572 4683 1719 4751 naturae
1738 4674 1869 4749 cantici
1885 4674 1992 4769 plane

362 4797 537 4891 congruit.
591 4796 850 4892 Argumentum
884 4820 969 4872 vero
1006 4798 1090 4894 qvia
1123 4799 1227 4872 modo
1259 4806 1417 4894 questus,
1445 4798 1484 4871 in
1510 4819 1600 4895 qvos
1627 4818 1708 4870 sese
1734 4794 1915 4892 profundit
1937 4793 1991 4888 ju-

361 4915 464 4989 venis
498 4915 592 4990 falso
628 4916 672 4992 de
704 4916 855 5013 perfidia
881 4926 1081 5015 suspectus,
1108 4918 1213 4991 modo
1239 4918 1477 4992 narrationem
1504 4915 1679 4992 sermonis
1705 4938 1784 4990 cum
1811 4912 1993 4989 Canthara

361 5033 406 5107 de
440 5033 500 5110 his
534 5035 641 5110 rebus
676 5036 800 5128 habiti,
837 5038 940 5112 modo
976 5038 1279 5128 deliberationem,
1315 5037 1401 5135 qvid
1431 5038 1470 5113 in
1495 5060 1534 5112 re
1560 5035 1701 5133 trepida
1725 5034 1903 5131 agendum
1931 5031 1990 5124 sit,

361 5153 517 5251 exponit,
554 5177 625 5230 non
659 5157 856 5254 poenitebit
885 5159 1043 5234 breviter
1069 5159 1205 5234 dixisse
1231 5157 1299 5232 hoc
1324 5181 1463 5254 qvoqve
1490 5157 1690 5255 exemplum
1716 5153 1857 5231 censeri
1881 5175 1990 5250 posse
