4726 6270
413 518 455 583 90
948 513 1169 582 Euuaanns
1195 531 1217 580 a
1243 512 1416 582 Bassia.
1507 508 1511 519 '

369 713 565 790 malevolos
598 711 693 811 apud
727 711 897 809 populum
927 733 1052 808 agens,
1079 710 1170 789 illud
1195 719 1337 810 praeter
1362 712 1436 787 alia
1460 711 1557 804 dicit,
1585 714 1618 789 si
1643 713 1756 790 libros
1782 712 1886 792 MSS.
1916 740 1996 792 cum

369 833 608 910 Fleckeiseno
635 832 831 929 sequimur:

675 985 804 1063 Facite
830 985 937 1085 adqui
961 985 1063 1062 sitis:
1090 983 1172 1061 dore
1197 985 1388 1065 crescendi
1413 987 1565 1089 styriam,

674 1104 855 1184 Nostrum
882 1104 941 1204 qvi
965 1103 1153 1206 spectandi
1173 1105 1323 1201 socient
1346 1107 1496 1208 erptiam,

526 1219 529 1223 ⁴
674 1224 764 1304 Sine
788 1225 900 1302 uitiis:
926 1248 973 1300 ree
999 1224 1062 1301 ille
1078 1230 1151 1327 prd
1175 1246 1217 1301 se
1242 1223 1376 1302 dietum
1402 1232 1602 1319 tancmer,

676 1344 745 1438 Qoi
770 1348 886 1447 ceper
906 1344 1004 1440 feeit
1025 1348 1131 1421 cerco
1158 1345 1321 1421 cementi
1344 1353 1380 1420 tn
1405 1345 1465 1422 oie

674 1465 867 1543 Decesse
883 1465 1106 1566 populum:
1132 1471 1231 1564 potr
1258 1465 1408 1543 insono
1433 1465 1622 1543 serviet?

369 1622 409 1699 Si
435 1622 526 1696 nihil
551 1629 716 1711 mutatur,
745 1620 799 1695 sic
825 1620 936 1694 verba
959 1618 1085 1694 ultima
1110 1619 1378 1716 interpretanda
1404 1627 1498 1711 sunt,
1526 1628 1565 1694 ut
1586 1620 1801 1717 interrogari
1822 1622 1996 1712 dicamus,

367 1766 432 1817 cur
456 1751 564 1839 poeta
589 1742 718 1816 debeat
743 1740 863 1814 insani
888 1738 1053 1829 hominis,
1081 1739 1280 1814 adversarii
1306 1739 1373 1829 sui,
1402 1740 1597 1815 commodis
1623 1741 1770 1816 servire.
1826 1741 1899 1818 Sed
1926 1767 1997 1818 non

367 1863 446 1937 sine
481 1885 591 1937 causa
625 1860 811 1956 BentleJus
845 1859 914 1932 hoo
939 1858 1137 1934 admonuit:
1166 1881 1271 1952 „cum
1296 1881 1437 1934 serrum
1463 1865 1664 1936 currentem
1691 1861 1831 1953 dixerit,
1859 1864 2000 1938 servire

368 1981 497 2058 insano
532 2004 682 2056 necesse
716 1987 772 2055 est
805 1979 950 2076 proprie
984 1977 1111 2074 accipi,
1145 2001 1216 2052 non
1242 1978 1432 2075 figurate“.
1485 1980 1534 2054 Et
1559 1981 1758 2056 rectissime
1784 1991 1894 2079 negat
1920 2007 1997 2080 per-

367 2103 441 2199 cipi
465 2124 585 2199 posse‚
614 2100 791 2198 quodnam
817 2098 940 2174 citium
965 2097 1056 2172 illud
1080 2099 1199 2189 fuerit,
1230 2099 1401 2195 populum
1428 2101 1584 2175 currenti
1610 2124 1714 2177 servo
1741 2102 1786 2177 de
1812 2102 1872 2176 via
1897 2104 1998 2178 dece·

367 2224 509 2297 dentem
543 2222 678 2296 facere:
716 2219 881 2316 qvoniam
914 2240 1022 2313 saepe
1048 2218 1144 2314 apud
1169 2219 1336 2294 Plautum
1363 2220 1460 2294 servi
1486 2228 1522 2295 et
1548 2221 1697 2318 parasiti
1723 2222 1854 2297 malum
1881 2224 1998 2298 cuivis

365 2343 582 2432 minitantes,
616 2341 649 2416 si
681 2341 762 2436 qvis
788 2337 1012 2413 currentibus
1039 2337 1110 2412 sibi
1136 2346 1173 2413 et
1197 2340 1472 2435 properantibus
1494 2341 1657 2432 obsistat,
1684 2341 1911 2431 inducentem
1939 2366 1997 2416 ve

365 2464 420 2538 lut
444 2463 482 2537 in
509 2461 653 2537 Curcul.
681 2485 716 2533 v.
745 2462 959 2547 280-298,
989 2456 1101 2532 Stich.
1129 2482 1164 2532 v.
1185 2464 1399 2550 285-287,
1420 2459 1579 2556 Amphit.
1599 2485 1633 2535 v.
1654 2467 1867 2551 est-987,
1889 2461 1995 2559 Capt.

365 2607 400 2654 v.
436 2587 654 2671 791-8223
692 2579 816 2676 qvales
842 2577 1055 2651 minationes
1081 2600 1186 2673 qvam
1212 2579 1418 2674 frequentes
1444 2579 1481 2653 in
1506 2581 1640 2655 fabulis
1665 2581 1826 2678 palliatis
1850 2583 1993 2672 fuerint,

366 2703 496 2776 docent
520 2703 631 2778 verba
655 2698 836 2789 Mercurii,
863 2698 969 2774 Jovis
996 2697 1112 2772 nuntii
1136 2720 1291 2795 persona
1316 2698 1412 2773 servi
1437 2697 1564 2790 induti,
1591 2700 1630 2774 in
1655 2700 1929 2799 Amphitruone:

434 2871 631 2951 Concedite
656 2877 760 2969 ctqre
786 2866 974 2969 apscedite
1000 2890 1135 2962 omnes,
1162 2867 1210 2945 de'
1235 2868 1295 2946 cic
1321 2867 1497 2945 decedite.
1636 2966 1646 2988 .

428 2991 508 3069 Nee
534 2999 710 3092 qrtrqvcm
738 2990 888 3085 [nunc]
914 2992 986 3063 tem
1012 2985 1135 3064 cudda
1156 2989 1245 3084 fuat
1267 2985 1371 3066 domo
1398 2989 1457 3088 poi
1482 2987 1618 3065 obviam
1644 2990 1797 3091 opristdt
1819 2989 1918 3068 midi.

429 3111 524 3189 Nam
550 3109 635 3187 mter·
660 3107 800 3209 pridem
826 3105 949 3183 derele
975 3114 1031 3207 pot
1055 3107 1173 3184 mines
1199 3107 1310 3184 lieedt
1333 3106 1402 3185 dec
1428 3108 1631 3186 minitarier

429 3231 582 3335 Populo,
603 3231 642 3308 ni
669 3227 822 3306 decedat
844 3226 945 3320 midi,
972 3250 1073 3327 qoem
1098 3227 1241 3305 servolo
1269 3227 1306 3302 in
1333 3227 1555 3306 comoediis?
1568 3230 1604 3326 ⁴¹)

366 3404 439 3481 Sed
474 3404 602 3480 dixerit
638 3395 816 3499 qvispiam
850 3399 1105 3474 usitatissimas
1139 3400 1223 3474 illas
1258 3400 1400 3496 qvidem
1431 3402 1469 3476 in
1495 3402 1689 3477 comoediis
1714 3402 1828 3478 fuisse
1855 3426 1995 3479 curren·

363 3526 453 3600 tium
479 3547 664 3600 servorum
689 3521 818 3612 minas,
844 3520 883 3594 in
909 3543 952 3595 eo
978 3527 1096 3594 autem
1121 3519 1312 3594 Lavinium
1337 3543 1520 3618 peccasse,
1542 3523 1637 3619 qvod
1656 3522 1837 3621 populum,
1857 3523 1915 3599 his
1934 3525 1995 3599 mi·

364 3645 421 3720 nis
448 3646 761 3740 obtemperantem,
790 3662 906 3730 servo,
934 3640 1039 3736 qvasi
1064 3639 1210 3715 honoris
1234 3663 1343 3715 causa
1365 3641 1602 3737 magistratui,
1629 3643 1689 3717 via
1711 3643 1913 3719 decessisse
1932 3644 1995 3719 fin·

363 3766 471 3856 xerit;
500 3773 536 3839 et
560 3764 598 3838 id
623 3764 743 3859 ipsum
769 3760 949 3858 Guyetns,
977 3783 1082 3856 qvem
1108 3760 1260 3835 Bothius
1280 3761 1449 3857 sequitur,
1472 3762 1638 3858 opinatus
1658 3770 1725 3837 est.
1765 3763 1816 3838 At
1832 3787 1919 3840 vero
1938 3788 1994 3840 oc

362 3886 474 3960 currit
499 3883 686 3978 Bentlejus
713 3881 819 3955 etiam
847 3880 1021 3975 ejusmodi
1046 3880 1330 3977 interpretationi
1355 3881 1423 3955 hoc
1448 3881 1581 3973 addito,
1610 3883 1705 3980 qvod
1723 3884 1857 3959 nemini
1876 3908 1994 3960 rerum

363 4006 585 4079 scenicarum
619 4001 845 4096 antiquarum
879 4022 993 4095 gnaro
1028 3999 1173 4075 dubium
1208 4022 1290 4075 esse
1324 4008 1456 4098 potest:
1495 4000 1628 4094 „Quid
1664 4002 1759 4097 qvod
1791 4004 1872 4079 viae
1902 4004 1994 4080 istae

362 4134 464 4198 extra
489 4146 633 4198 scenam
660 4128 754 4211 sunt,
781 4120 820 4194 in
846 4141 955 4194 scena
980 4143 1107 4195 servus
1132 4121 1298 4211 minatur,
1328 4121 1424 4194 ultra
1449 4142 1594 4194 scenam
1620 4143 1800 4213 cursurus,
1828 4123 1991 4221 ideoqve,

361 4255 478 4320 utrum
504 4243 659 4340 populus
686 4241 745 4315 via
771 4240 968 4315 decesserit
993 4262 1117 4331 necne,
1145 4249 1365 4337 spectatores
1392 4240 1513 4315 videre
1540 4261 1613 4314 non
1637 4247 1838 4337 poterant“.
1891 4243 1993 4319 Nihil

360 4366 472 4460 igitur
506 4370 628 4452 restat,
660 4362 704 4451 si,
733 4360 827 4457 qvod
853 4359 1025 4455 scriptum
1052 4359 1171 4434 estin
1197 4360 1392 4452 codicibus,
1420 4360 1602 4448 retinetur,
1630 4360 1702 4436 nisi
1727 4369 1767 4436 ut
1792 4363 1992 4460 cogitemus

361 4485 517 4581 aliquem
542 4485 581 4558 in
608 4505 719 4559 scena
743 4502 1051 4570 commemorasse,
1079 4481 1253 4576 qvomodo
1280 4503 1385 4556 servo
1411 4503 1534 4555 omnes
1561 4480 1659 4556 cives
1686 4481 1927 4559 decessissent
1947 4484 1993 4559 de

362 4606 431 4678 via.
485 4604 612 4696 Qualis
638 4601 807 4691 narratio,
841 4622 907 4675 seu
933 4598 1068 4675 servuli
1092 4598 1208 4696 ipsius
1234 4599 1426 4696 magnifice
1452 4623 1492 4675 se
1514 4601 1696 4696 jactantis,
1725 4625 1789 4678 seu
1815 4604 1909 4679 alius
1935 4627 1992 4679 cu·

355 4724 476 4820 jusvis
509 4745 696 4820 personae,
733 4720 818 4818 qvid
852 4719 996 4795 tandem
1030 4719 1162 4795 habere
1195 4720 1312 4816 potuit
1340 4727 1461 4794 tanae
1487 4721 1706 4814 offensionis,
1733 4729 1773 4797 ut
1799 4724 1992 4799 Terentius

360 4844 532 4919 Luscium
557 4842 749 4917 Lavinium
774 4840 882 4935 hujus
908 4841 960 4914 rei
987 4839 1081 4938 apud
1108 4847 1330 4936 spectatores
1354 4862 1525 4916 accusare
1551 4842 1642 4917 satis
1661 4842 1847 4918 habiturus
1863 4844 1992 4919 fuerit?

361 5006 411 5019 -
436 4963 647 5061 praesertim
681 4985 762 5038 oum
795 4960 886 5036 illud
920 4983 965 5036 ne
997 4960 1036 5035 in
1062 4960 1314 5058 cogitationem
1340 4960 1482 5056 qvidem
1509 4962 1623 5054 cadat,
1650 4963 1723 5038 tale
1749 4961 1834 5063 qvid
1860 4963 1990 5060 depo

462 5171 494 5249 *)
516 5173 562 5233 Ex
581 5170 712 5233 editione
733 5168 831 5231 Plauti
853 5167 1105 5230 Fleckeisoniana.
