4726 6270
408 520 449 585 10
568 506 596 569 s
942 517 1164 585 Enusanus
1191 535 1213 584 s
1238 517 1411 585 Bausta.

363 715 563 792 habendum
599 723 665 807 est,
702 715 788 813 qvin
823 716 947 811 gravis
980 716 1142 808 bombus,
1179 739 1283 814 qvem
1316 717 1403 792 dicit
1429 717 1633 814 Appulejus
1659 725 1695 793 et
1720 725 1825 794 acuto
1850 718 1995 794 mnino

363 836 520 935 opponit,
557 859 577 911 e
612 858 741 911 cornus
775 835 994 936 Berecyntii,
1027 837 1121 934 qvod
1147 860 1170 910 a
1194 837 1300 912 laeva
1324 844 1426 935 parte
1452 844 1519 928 est,
1545 839 1719 914 foramine
1745 838 1900 914 emissus
1926 838 1995 913 sit?

363 957 466 1032 Haec
496 957 562 1031 illa
591 956 659 1030 fuit
685 978 796 1031 curva
821 955 1009 1056 Phrygum
1036 956 1135 1047 tibia,
1164 979 1255 1054 qvae
1282 956 1406 1032 eadem
1432 979 1543 1033 cornu
1568 957 1698 1034 dicitur
1723 957 1864 1054 (Horat.
1891 957 1935 1035 C.
1962 958 1992 1032 I.

368 1082 426 1154 18.
459 1081 531 1175 14),
560 1100 665 1172 qvam
692 1085 727 1152 et
752 1077 864 1152 multi·
881 1099 991 1174 saepe
1017 1077 1213 1174 scriptores
1239 1084 1525 1168 commemorant,
1554 1085 1591 1152 et
1615 1076 1782 1154 Catullus
1804 1099 1919 1176 prnse
1941 1101 1995 1153 ce·

364 1196 496 1271 ciuisse
533 1197 685 1293 (LXIII.
715 1198 778 1293 22)
813 1206 920 1295 atqve
953 1195 1169 1273 raucisonos
1203 1195 1352 1274 bombos
1386 1197 1531 1274 efflasse
1565 1197 1717 1295 (LXIV.
1746 1199 1836 1294 263)
1862 1207 1994 1288 narrat,

363 1340 469 1412 qvam
495 1317 602 1391 etiam
629 1316 836 1393 Athenaeus
862 1323 1001 1414 spectat
1028 1317 1287 1414 (Deipnoscph.
1307 1317 1371 1392 lib.
1389 1317 1455 1394 IV.
1475 1339 1510 1414 p.
1535 1321 1619 1407 185,
1642 1359 1687 1371 -
1708 1317 1792 1391 edit.
1813 1315 1997 1414 Schweig-

363 1436 485 1511 haeus.
514 1437 559 1510 Τ.
590 1442 624 1512 2.
651 1460 687 1533 p.
720 1437 816 1532 197),
845 1437 907 1510 ubi
934 1436 1043 1510 allato
1070 1460 1177 1512 versu
1204 1437 1430 1532 stragoedia
1448 1437 1559 1526 Ionis,
1579 1436 1617 1510 in
1634 1460 1704 1532 qvo
1723 1436 1768 1512 de
1784 1437 1875 1513 tibia
1890 1439 1996 1534 gravi

363 1557 496 1631 mentio
514 1555 565 1645 fit,
586 1555 786 1655 Phrygiam
804 1555 1002 1652 significari
1023 1556 1189 1653 explicat,
1211 1556 1364 1631 addens:
1387 1555 1504 1654 βαρὺς
1522 1554 1590 1654 γὰρ
1609 1546 1719 1647 οὗτος
1738 1553 1890 1656 (coligi
1912 1560 1995 1653 παρ’

365 1672 385 1751 ὃ
423 1681 482 1751 nal
517 1675 558 1751 ab
591 1682 698 1773 κέρας
723 1672 1006 1772 προσάπτουσιν,
1035 1672 1238 1774 ἀναλογοῦν
1264 1685 1312 1777 τῷ
1337 1686 1406 1752 τῶν
1433 1684 1633 1774 σαλπίγγων
1658 1675 1806 1753 κώδωνι.
1859 1675 1996 1775 Sponte

364 1795 476 1892 igitur
506 1798 606 1893 sequi
639 1795 789 1886 videtur,
817 1804 857 1870 ut
883 1794 1009 1870 dextra
1034 1796 1124 1870 tibia
1149 1804 1253 1872 acute
1279 1798 1450 1871 sonuerit.
1503 1797 1758 1873 Verumtamen
1784 1821 1807 1872 a
1831 1797 1996 1873 Varrone

365 1916 533 1991 docemur
558 1916 596 1990 in
621 1915 690 1990 hoc
716 1915 858 2011 quidem
884 1939 1017 2011 genere
1044 1924 1185 1991 vetusto
1212 1916 1376 2016 Phrygio
1403 1917 1570 1991 tibiarum
1596 1917 1784 2014 imparium
1805 1918 1913 1993 etiam
1933 1918 1996 1992 uni

363 2036 530 2112 foramini
557 2037 735 2126 sinistrae,
765 2035 858 2133 qvod
885 2035 939 2110 ori
965 2037 1128 2111 canentis
1154 2036 1303 2132 propius
1327 2043 1414 2126 erat,
1440 2059 1568 2111 sonum
1591 2045 1733 2112 acutum
1752 2037 1885 2128 fuisse3
1904 2060 1996 2135 qvae

364 2158 456 2232 ratio
489 2156 764 2245 accommodata,
797 2155 936 2252 opinor,
963 2156 1032 2231 fuit
1057 2164 1205 2231 naturae
1230 2154 1365 2231 moduli
1390 2155 1556 2256 Phrygii,
1585 2179 1688 2254 qvem
1715 2157 1759 2232 de
1784 2157 1900 2232 tribus
1926 2180 1996 2231 mo·

365 2278 422 2352 dis
456 2278 604 2354 musicis
638 2276 899 2372 principalibus
935 2276 1028 2351 inter
1063 2299 1235 2352 summam
1260 2276 1475 2372 gravitatem
1501 2276 1626 2351 Dorici
1652 2285 1688 2353 et
1713 2300 1889 2353 summum
1914 2301 1995 2352 acu·

363 2421 445 2473 men
479 2397 591 2498 Lydii
625 2396 722 2471 modi
754 2395 908 2470 medium
942 2395 1060 2470 locum
1092 2396 1252 2472 tenuisse
1278 2396 1446 2471 traditum
1472 2403 1528 2470 est
1541 2397 1587 2492 ¹³).
1641 2396 1717 2471 Fac
1742 2420 1829 2472 vero
1854 2405 1997 2494 praeter

363 2520 524 2594 foramen
550 2541 680 2593 cornus
705 2516 742 2590 id
769 2538 920 2613 qvoqve,
948 2515 1042 2613 qvod
1067 2515 1106 2589 in
1132 2514 1258 2591 dextra
1283 2517 1373 2591 tibia
1391 2523 1478 2606 erat,
1500 2538 1626 2591 sonum
1644 2515 1813 2592 habuisse
1830 2540 1994 2614 gravem:

364 2661 435 2735 qva
460 2638 607 2728 ratione,
640 2637 673 2712 si
698 2637 750 2711 ita
774 2637 915 2726 fuisset,
948 2636 1175 2710 mediocritas
1201 2636 1265 2711 illa
1291 2643 1327 2711 et
1352 2636 1561 2733 temperatio
1587 2636 1779 2732 granum
1805 2644 1842 2711 et
1867 2638 1996 2711 acumi-

362 2759 420 2833 nis
447 2758 611 2858 Phrygia
637 2758 772 2833 oritura
796 2757 914 2845 fuerit,
943 2756 1101 2852 perspici
1126 2778 1275 2853 prorsus
1302 2757 1436 2854 neqvit.
1490 2754 1562 2831 Sed
1588 2756 1656 2831 hoc
1678 2755 1845 2832 concludi
1864 2764 1994 2853 potest,

364 2901 439 2953 rem
473 2880 518 2954 ab
553 2878 693 2975 origine
719 2877 886 2952 tibiarum
913 2876 1135 2972 geminarum
1160 2877 1212 2951 ita
1236 2877 1435 2951 institutam
1460 2877 1586 2968 fuisse,
1615 2884 1654 2952 ut
1679 2886 1807 2954 acutus
1833 2901 1856 2951 a
1881 2877 1996 2974 primo

364 3022 473 3073 sonus
508 2999 726 3077 inciperetur
761 3006 798 3073 et
831 2996 914 3070 huic
949 3003 1052 3071 acuto
1087 2996 1212 3093 grans
1243 2996 1475 3094 responderet
1488 2997 1556 3092 ss),
1585 3004 1780 3095 posteaque
1806 3020 1934 3072 munus
1961 3004 1997 3071 et

363 3141 490 3193 nomen
523 3119 724 3193 incentivae
755 3140 775 3192 e
802 3116 901 3191 tibiis
927 3116 1123 3213 imparibus
1149 3116 1259 3191 rectis
1284 3123 1410 3191 acutae
1438 3116 1595 3207 dextrae,
1624 3117 1852 3193 succentivae
1878 3125 1996 3192 autem

363 3238 468 3335 gravi
494 3238 663 3313 sinistrae
689 3237 878 3328 mansisse,
906 3243 942 3312 et
968 3258 1048 3310 cum
1076 3236 1204 3311 deinde
1230 3236 1276 3310 ad
1302 3236 1376 3310 vim
1402 3237 1563 3332 ejusdem
1588 3237 1685 3312 modi
1710 3237 1839 3312 musici
1865 3259 1996 3333 augen-

364 3358 445 3432 dam
478 3359 574 3433 binis
607 3358 707 3436 tibiis
742 3357 889 3455 paribus
921 3356 974 3431 uti
1003 3355 1165 3431 homines
1192 3357 1405 3452 coepissent,
1433 3356 1544 3431 latine
1571 3356 1713 3454 qvidem
1738 3357 1796 3432 his
1823 3357 1997 3432 ambabus

363 3480 407 3553 ob
443 3487 605 3556 naturam
641 3479 731 3569 soni,
770 3501 875 3576 qvem
907 3477 1074 3573 singulae
1105 3478 1143 3553 in
1169 3477 1356 3574 imparium
1383 3477 1555 3552 societate
1582 3476 1745 3570 edebant,
1773 3477 1832 3551 vel
1859 3476 1996 3552 dextra·

362 3736 475 3798 herde
497 3738 579 3799 tibiis
601 3743 732 3799 veterum
754 3755 785 3814 p.
810 3739 885 3805 1943
908 3734 1053 3797 Gerhardi
1074 3737 1327 3813 Arohdolcnisohe
1350 3737 1475 3814 Zeitnnq
1497 3735 1568 3797 anni
1592 3737 1683 3804 1850,
1703 3735 1764 3796 tab.
1779 3735 1843 3803 XX,
1860 3736 1947 3813 imag.
1967 3741 1993 3807 1;

362 3840 482 3901 Weissii
510 3841 740 3912 Kosn'tmtcnnde,
770 3839 808 3898 ll.
836 3857 866 3915 p.
898 3842 988 3906 1317,
1016 3838 1068 3917 fig.
1097 3841 1156 3899 529
1183 3841 1213 3901 d.
1257 3841 1320 3900 Has
1342 3845 1374 3900 et
1395 3840 1504 3900 similes
1525 3839 1673 3917 Phrygias
1695 3838 1784 3900 tibias
1806 3856 1871 3900 esse
1892 3856 1994 3901 omnes

363 3945 561 4005 consentiunt.
607 3943 706 4005 Curva
727 3943 801 4004 tibia
822 3941 1011 4003 sinistrorsus
1034 3948 1063 4003 et
1086 3947 1169 4003 recta
1190 3941 1363 4003 dextrorsus
1385 3960 1474 4002 manu
1496 3946 1635 4003 tenentur
1657 3941 1745 4001 etiam
1765 3941 1796 4000 in
1814 3941 1908 4002 Musei
1922 3942 1993 4002 Pio-

363 4046 536 4109 Clementini
566 4052 636 4108 tom.
667 4046 768 4108 btab.
792 4045 854 4113 VII,
878 4045 929 4106 ubi
952 4045 1032 4106 tibiis
1054 4064 1113 4106 non
1136 4046 1262 4108 canitur.
1306 4045 1465 4106 Foramina
1486 4044 1567 4104 nulla
1589 4043 1709 4120 obliqua
1730 4044 1760 4104 in
1783 4043 1830 4104 his
1851 4045 1994 4121 exemplis

362 4155 533 4210 cernuntur.
567 4149 625 4210 Sed
647 4150 706 4211 tria
727 4153 874 4226 apparent
895 4165 986 4225 supra
1007 4167 1098 4210 cornu
1121 4149 1258 4209 sinistrae
1280 4148 1310 4209 in
1333 4148 1470 4225 imagine,
1494 4165 1570 4224 qvae
1592 4153 1639 4209 est
1660 4147 1690 4207 in
1712 4147 1858 4209 Viscontii
1879 4153 1949 4209 tom.
1975 4151 1992 4207 5

362 4251 423 4312 tab.
447 4251 469 4313 O
492 4252 635 4330 (ultima).

464 4354 496 4429 l)
525 4357 570 4417 De
595 4355 641 4415 his
663 4359 694 4415 et
714 4355 821 4416 ceteris
845 4353 940 4415 modis
963 4353 1082 4414 musicis
1104 4353 1165 4414 vid.
1187 4356 1346 4432 praecipue
1369 4352 1484 4414 Claudii
1506 4354 1666 4414 Ptolemaei
1688 4353 1875 4425 Harmonice,
1899 4353 1949 4414 lib.
1974 4356 1993 4413 2

362 4476 429 4534 cap.
463 4460 511 4519 10.
556 4459 632 4518 Tres
661 4458 728 4518 illos
756 4457 935 4535 principales
964 4439 1171 4518 commemorat
1200 4462 1319 4534 praeter
1339 4457 1414 4517 alios
1436 4456 1596 4533 scriptores
1618 4460 1735 4517 veteres
1756 4455 1934 4517 Plutarchus
1957 4454 1994 4515 de

361 4559 474 4620 musica
493 4579 519 4622 c.
543 4564 573 4621 8.
595 4595 638 4604 —
660 4558 829 4622 Boeckhius
851 4559 924 4621 dicit
945 4578 975 4637 p.
1002 4563 1071 4620 170:
1097 4561 1155 4621 Dic
1176 4562 1331 4639 dreyntsy
1351 4561 1630 4636 Itdtennctnnnm,
1646 4558 1814 4629 Sarranae,
1830 4559 1993 4636 Phrygiae,

361 4662 484 4740 lydiae,
517 4665 711 4741 cntsprecbsn
740 4665 799 4725 den
828 4665 904 4740 dren
930 4665 1055 4724 otterten
1083 4663 1242 4736 Tonantes,
1267 4664 1323 4724 der
1344 4663 1461 4737 tienten
1484 4662 1652 4730 narbonen,
1675 4662 1730 4722 der
1750 4661 1879 4722 mitttnn
1893 4661 1994 4739 phry-

360 4766 491 4841 sochen,
521 4768 576 4828 der
597 4768 738 4828 bdebsten
757 4768 918 4844 tydiscben.
963 4765 1067 4826 Tibiae
1088 4784 1160 4827 vero
1183 4766 1314 4826 scenicas
1337 4765 1455 4827 omnino
1477 4765 1508 4825 in
1530 4769 1592 4825 tres
1613 4763 1723 4825 classes
1745 4763 1804 4824 illis
1826 4764 1994 4826 nominibus

360 4867 563 4946 insigniendas
586 4868 718 4932 describi
738 4886 827 4946 posse
849 4887 908 4931 nou
929 4869 1026 4930 rideo.

463 4969 515 5048 **)
544 4971 575 5031 Is
604 4977 649 5032 est
678 4972 759 5049 apud
785 4971 967 5049 Appulejum
995 4989 1066 5032 usus
1089 4970 1220 5040 chiasmi,
1243 4977 1286 5036 nt.
1309 4976 1467 5048 postqvam
1488 4970 1590 5031 laevae
1613 4970 1703 5031 tibias
1726 4968 1901 5030 mentionem
1923 4975 1994 5030 ants

362 5072 484 5134 dextrae
513 5074 623 5151 posuit.
653 5093 712 5136 non
741 5074 827 5148 torte,
856 5080 889 5136 ut
914 5074 1042 5147 videtur,
1067 5080 1096 5135 et
1118 5093 1190 5135 casu
1212 5075 1242 5134 in
1265 5075 1338 5151 ipsis
1359 5074 1439 5134 sonis
1462 5072 1648 5133 nominandis
1671 5071 1773 5133 horum
1796 5071 1928 5133 ordinem
1950 5072 1993 5131 sic

362 5175 551 5238 indicaverit:
575 5186 664 5240 conto
688 5180 794 5240 tinnitu
816 5186 846 5240 ct
864 5180 954 5254 arnas·
976 5177 1079 5239 bombo
1103 5185 1277 5240 concentum
1297 5179 1439 5238 mancum
1461 5178 1585 5239 munit.
