4726 6270
905 532 1107 609 Qvuestionee
1133 533 1349 597 Terentianae
1857 537 1897 598 23

309 734 473 807 Donatus
508 733 546 806 in
581 732 701 806 verbis
733 731 854 805 allatis
884 738 920 805 et
945 732 983 806 in
1009 731 1102 821 aliis,
1132 731 1260 827 qvibus
1288 730 1332 806 de
1358 730 1498 804 acubus
1525 731 1780 808 distribuendis
1806 733 1940 829 praeei-

309 855 372 953 pit,
409 876 481 928 non
514 859 586 927 tam
622 859 860 949 speetatomm
895 875 1000 948 qvam
1032 852 1227 947 legentium
1254 851 1428 926 rationem
1454 852 1638 948 habuit')‚
1666 861 1783 927 tamen
1810 876 1855 926 ex
1881 852 1938 939 iis,

310 998 400 1071 qvae
427 973 524 1062 dicit,
552 981 587 1048 et
614 996 633 1047 e
659 973 739 1047 loco
758 972 909 1069 quodam
928 970 1098 1046 Euanthii
1111 972 1168 1064 *ἢ
1189 971 1278 1046 satis
1299 995 1477 1070 superque
1497 981 1647 1068 apparet
1665 973 1819 1070 quinque
1838 981 1940 1046 actus

308 1097 402 1170 inter
436 1118 477 1170 se
512 1092 733 1188 distinguere
768 1094 894 1167 horum
930 1092 1072 1188 quidem
1106 1093 1418 1187 grammaticorum
1444 1101 1561 1168 aetate
1587 1093 1798 1189 perdifficile
1825 1094 1941 1166 visum

311 1238 403 1305 esse,
440 1237 530 1311 qvae
565 1214 759 1288 difficultas
793 1214 887 1287 siout
912 1212 1012 1286 nulla
1037 1212 1166 1286 fuisset
1192 1213 1396 1303 lectoribus,
1425 1214 1458 1287 si
1483 1214 1520 1287 in
1546 1214 1649 1288 libris
1677 1212 1858 1287 distinctio
1884 1235 1940 1285 ac-

310 1343 408 1409 tuum
435 1341 639 1409 constanter
665 1334 821 1408 indicata
847 1342 954 1422 esset,
983 1333 1034 1406 ita
1059 1332 1160 1406 nulla
1185 1333 1457 1428 spectatoribus,
1491 1334 1524 1407 si
1551 1357 1692 1429 semper
1718 1334 1811 1407 inter
1837 1341 1940 1406 actus

309 1456 418 1530 tibiae
444 1454 731 1529 intervenissent.
787 1452 860 1528 Sed
886 1452 976 1527 haee
1002 1454 1215 1549 relinquitur
1240 1453 1413 1546 quaestio,
1450 1454 1547 1528 itane
1572 1455 1679 1528 fuerit
1704 1454 1750 1527 iis
1766 1449 1940 1548 'tempori-

309 1577 388 1666 bus,
424 1575 553 1670 quibus
588 1575 692 1648 ambo
726 1574 765 1648 hi
799 1575 1022 1670 grammatici
1059 1575 1233 1663 vixerunt,
1270 1596 1316 1647 an
1350 1575 1395 1648 ab
1431 1575 1543 1649 initio.
1597 1574 1646 1648 Et
1679 1574 1821 1648 videtur
1853 1596 1940 1646 sane

310 1695 443 1769 amissa
476 1694 606 1790 potius,
644 1694 908 1791 exemplaribus
941 1695 1111 1768 librorum
1148 1693 1352 1788 depravatis
1387 1702 1423 1769 et
1455 1717 1536 1768 raro
1571 1695 1609 1768 in
1640 1717 1784 1769 scenam
1811 1694 1940 1767 delatis

310 1814 452 1904 fabulis,
481 1815 618 1890 notitia¹
634 1815 741 1910 hujus
768 1815 821 1888 rei
846 1814 1155 1910 grammaticorum
1174 1821 1333 1909 tempore
1351 1815 1475 1903 fuisse,
1497 1814 1721 1888 oblitteratas
1739 1824 1814 1888 tum
1833 1814 1941 1887 etiam

310 1958 390 2009 cum
425 1936 532 2010 rebus
567 1935 649 2009 aliis
684 1934 921 2009 intercinendi
947 1933 1009 2006 ille
1035 1955 1112 2006 mos
1126 1932 1216 2028 m),
1245 1957 1350 2029 qvam
1377 1936 1422 2008 ob
1449 1958 1527 2007 eam
1554 1958 1708 2023 oausam,
1737 1958 1843 2030 qvam
1871 1934 1942 2008 Do·

310 2064 415 2130 natus
441 2065 622 2143 memorat,
650 2080 672 2128 a
698 2056 813 2151 poetis
840 2077 899 2128 res
924 2054 978 2127 sio
1005 2075 1086 2127 esse
1113 2053 1276 2127 instituta
1289 2053 1401 2149 sem),
1453 2053 1532 2127 Hoc
1554 2077 1638 2127 vero
1660 2062 1848 2151 utcumque
1870 2055 1941 2128 exi·

319 2228 560 2237 ...-.-....-·----
568 2230 713 2235 .--.--...

310 2322 404 2376 tatum
432 2313 621 2390 significans“
649 2315 817 2388 (canticum
839 2312 895 2373 hoo
919 2315 992 2385 loco,
1016 2318 1050 2373 ut
1071 2313 1218 2373 interdum
1241 2313 1285 2380 lit,
1309 2314 1337 2372 in
1361 2314 1531 2374 universum
1553 2315 1689 2390 designat
1711 2332 1829 2373 carmen
1852 2321 1941 2373 cautu

310 2418 572 2493 persequendum).
615 2419 691 2477 Nam
714 2422 832 2477 constat
852 2422 969 2476 actuum
991 2415 1207 2492 separationem
1228 2423 1345 2477 enatam
1368 2435 1432 2477 esse
1455 2419 1484 2478 in
1506 2418 1612 2477 sabulis
1635 2416 1757 2476 Graecis
1778 2436 1814 2475 ex
1841 2433 1940 2475 earum

309 2538 363 2596 per
386 2520 468 2581 chori
490 2522 606 2581 cantica
626 2520 801 2597 partitione;
829 2524 933 2595 poetae
953 2524 1051 2578 autem
1071 2520 1174 2581 comici
1195 2520 1301 2581 choros
1324 2520 1482 2581 comoediis
1505 2520 1679 2580 subtrahere
1701 2524 1872 2595 coeperunt,
1896 2521 1940 2576 lo-

310 2640 376 2683 cum
398 2625 440 2685 eis
460 2624 655 2699 relinquentes
678 2623 786 2698 (uerba
808 2627 877 2682 eunt
900 2622 1048 2690 Euanthii,
1072 2641 1149 2699 qvae
1170 2623 1238 2682 vide
1260 2624 1290 2682 in
1313 2622 1370 2682 flue
1392 2623 1592 2683 annotationis
1614 2629 1684 2698 post
1698 2621 1774 2681 hanc
1790 2622 1939 2696 quartae).

310 2728 328 2785 i.
353 2746 378 2787 e.
401 2727 557 2786 intervalla
578 2727 655 2788 inter
676 2731 776 2802 partes
797 2725 924 2796 tabulae,
944 2724 1021 2785 inter
1043 2725 1128 2786 binos
1150 2730 1243 2792 actus,
1266 2724 1418 2785 iacientes.

411 2830 443 2904 *)
472 2830 506 2890 Id
534 2831 712 2908 perspicitur
738 2829 775 2890 de
797 2831 895 2889 verbis
917 2829 1015 2888 allatis
1038 2836 1067 2888 et
1089 2847 1125 2887 ex
1147 2828 1192 2899 iis,
1217 2846 1293 2903 qvae
1315 2829 1446 2905 proxime
1465 2827 1539 2888 haec
1560 2828 1748 2898 antecedunt,
1773 2834 1802 2886 et
1825 2846 1860 2885 ex
1884 2826 1939 2891 hie.

311 2951 386 3009 qvae
408 2934 449 2993 ihi
471 2939 650 3010 sequuntur:
684 2934 846 3007 dammnati
865 2949 955 3008 saepe
976 2934 1114 2992 lectorem
1136 2932 1176 2997 id.
1201 2933 1278 3006 quod
1291 2948 1427 3007 persona
1449 2934 1480 2991 in
1501 2933 1650 3007 superiori
1670 2948 1783 2991 scaena
1806 2932 1942 2990 desinens

311 3045 339 3096 et
359 3040 391 3097 in
405 3040 551 3114 prosimu
572 3039 717 3113 incutiens
738 3038 815 3112 loqui
835 3053 897 3096 non
918 3037 1092 3110 intelliqitnr
1113 3036 1258 3110 inpressa.

412 3140 463 3214 ”i
486 3141 532 3200 De
554 3142 714 3215 traqoedia
737 3146 765 3199 et
786 3140 941 3199 comoedia
964 3138 1099 3212 (Terent.
1123 3137 1169 3196 ed.
1193 3138 1291 3198 Klotz.
1315 3144 1385 3199 tom.
1408 3139 1432 3198 I.
1455 3157 1484 3215 p.
1505 3137 1602 3213 XIV):
1626 3139 1776 3198 Postremo
1792 3154 1830 3196 ne
1844 3139 1941 3195 Iocum

311 3243 425 3316 quidem
445 3243 626 3315 reliquerunt
647 3240 751 3317 (choro
774 3242 909 3317 poetae):
933 3243 1011 3314 quod
1031 3240 1132 3300 Latini
1150 3241 1291 3314 fecerunt
1311 3244 1424 3310 cantici,
1447 3243 1527 3302 unde
1550 3242 1633 3316 apud
1654 3242 1718 3300 illos
1733 3242 1874 3301 dirimere
1890 3256 1941 3298 ac·

312 3353 357 3402 tus
378 3346 628 3420 quinquepartitos
650 3345 774 3416 difficile
796 3350 847 3402 est.

414 3446 481 3518 aas)
506 3448 569 3506 Hoc
592 3446 700 3507 Donati
722 3446 761 3504 ad
783 3445 877 3505 Andr.
899 3446 948 3503 IV.
976 3449 1003 3507 3.
1032 3450 1046 3504 l
1071 3451 1101 3506 et
1122 3448 1288 3507 testimonio
1312 3452 1357 3506 est
1379 3452 1462 3506 actas
1484 3465 1549 3507 esse
1571 3448 1658 3507 etism
1681 3447 1739 3505 illis
1759 3445 1941 3521 temporibus

310 3549 476 3609 comoediae
505 3555 621 3608 ueteres
651 3555 681 3608 et
710 3547 841 3608 ostendit
870 3565 992 3624 magnas
1021 3551 1051 3608 in
1082 3550 1205 3623 agendis
1230 3549 1337 3608 fabulis
1360 3549 1537 3609 mutationes
1561 3556 1622 3610 tum
1642 3567 1707 3609 esse
1730 3549 1838 3608 factas:
1871 3548 1942 3607 Vide

310 3669 370 3712 non
395 3654 532 3712 minimas
556 3659 661 3728 partes
689 3654 720 3712 in
749 3653 808 3712 boc
830 3654 985 3713 comoedia
1007 3653 1121 3728 quidi
1142 3650 1272 3721 attribui,
1296 3652 1353 3711 hoc
1375 3658 1418 3711 est
1435 3669 1585 3728 personae
1603 3654 1761 3727 femineae,
1784 3654 1845 3711 siue
1866 3652 1943 3710 haec

306 3757 476 3830 personatis
497 3757 569 3815 uiris
590 3757 701 3831 aqitur,
723 3762 757 3814 ut
779 3757 863 3830 apud
882 3762 1002 3835 ueteres,
1024 3757 1086 3814 siue
1103 3771 1160 3830 per
1182 3756 1340 3826 mulierem,
1364 3736 1397 3814 ut
1418 3772 1498 3816 nunc
1520 3758 1657 3816 mdemau.

411 3856 499 3934 ****)
522 3858 602 3918 Dicit
624 3860 758 3918 Donatus
780 3858 811 3917 in
833 3858 926 3933 praef.
950 3857 1097 3918 Eunuchi:
1123 3859 1212 3917 Actus
1232 3874 1307 3917 sane
1329 3859 1540 3933 implicatiores
1560 3865 1629 3918 runt
1650 3861 1681 3918 in
1704 3874 1750 3933 ca,
1774 3865 1802 3917 et
1817 3859 1940 3931 quinon

305 3962 401 4035 facite
423 3978 572 4038 oporam
595 3963 690 4021 doctis
711 3963 849 4035 distinqui
863 3963 996 4037 possint:
1018 3962 1095 4034 ideo,
1119 3961 1187 4035 quia
1210 3962 1329 4020 tenenda
1347 3963 1525 4036 spectatoris
1547 3977 1641 4021 causa
1664 3964 1723 4020 uult
1731 3968 1826 4035 poeta
1841 3967 1942 4018 noster

310 4080 409 4123 omnes
429 4065 551 4138 quinque
573 4071 658 4125 actus
678 4066 756 4124 uelut
777 4080 867 4123 einum
886 4064 964 4134 fieri,
987 4079 1027 4122 ne
1046 4065 1173 4138 requiret
1194 4064 1320 4136 quodam
1341 4064 1428 4122 modo
1452 4071 1539 4137 atque
1561 4065 1701 4123 distincto
1720 4061 1832 4123 alierchi
1847 4064 1942 4121 conti-

309 4170 451 4227 nuatione
475 4169 694 4227 succedentium
719 4182 821 4225 rerum
847 4172 918 4224 ante
944 4167 1055 4225 aulaeo
1076 4164 1196 4225 sublata
1212 4167 1390 4240 fastidiosus
1410 4173 1562 4242 spectator
1584 4175 1738 4241 mmrqaa
1782 4164 1843 4224 cfr.
1867 4183 1942 4224 eun-

309 4270 375 4329 dem
397 4271 426 4328 in
449 4269 543 4344 prael.
566 4270 706 4329 Andriae.
750 4269 818 4328 Non
842 4275 940 4326 tamen
962 4286 1020 4327 nno
1044 4274 1146 4328 tenore
1168 4285 1205 4328 ao
1224 4270 1287 4329 sine
1304 4269 1371 4329 ullis
1386 4270 1527 4345 temporis
1543 4269 1808 4330 intermissionibus
1823 4286 1942 4329 comoe-

310 4371 373 4431 dias
404 4370 507 4448 peragi
536 4371 639 4432 solitas
666 4388 740 4441 esse,
765 4370 844 4446 qvod
867 4368 930 4429 iere
952 4370 1131 4430 contendere
1151 4370 1270 4431 videtur
1290 4371 1457 4431 Euanthius
1479 4373 1509 4431 in
1531 4373 1744 4449 verbissupra
1766 4372 1874 4447 positis
1897 4371 1942 4445 (in

116 4520 122 4529 .
224 4484 225 4487 ’
310 4479 410 4534 annot.
434 4479 504 4534 ante
526 4473 602 4534 hano
625 4473 720 4549 Ede),
743 4474 880 4534 Donatus
902 4472 1026 4548 intelligi
1049 4472 1114 4531 vult
1136 4472 1165 4531 in
1188 4472 1234 4532 his
1257 4472 1295 4532 ad
1317 4473 1485 4551 Adelphos:
1509 4476 1546 4535 In
1569 4477 1735 4536 diuidendis
1756 4472 1872 4534 actibus
1888 4474 1942 4547 sa·

310 4575 398 4636 baiae
425 4578 584 4638 identidem
611 4578 834 4644 meminerimus.
857 4578 957 4652 primo
981 4577 1167 4651 popinarum
1190 4577 1455 4638 dinumerationem
1477 4595 1569 4653 neque
1594 4579 1726 4638 Graecos
1747 4593 1839 4651 neque
1861 4577 1943 4636 Lati·

308 4695 364 4738 nos
383 4696 525 4756 seruasse,
548 4697 614 4741 cnm
634 4681 698 4753 ejits
719 4678 886 4739 distributio
909 4678 1077 4754 liujusmodi
1098 4683 1245 4739 rationem
1267 4677 1385 4751 habeat,
1410 4689 1450 4744 ut.
1474 4681 1525 4741 ubi
1547 4683 1687 4742 attentior
1707 4687 1858 4755 spectator
1881 4695 1944 4739 esse

305 4784 445 4857 potuerit,
476 4784 594 4857 lonqior
623 4788 709 4856 aetus
735 4784 781 4849 sit,
809 4781 861 4842 ubi
883 4783 1082 4856 fastidiosior,
1107 4781 1225 4843 breuior
1247 4789 1333 4857 atque
1354 4785 1553 4844 constrictior.
1597 4785 1736 4860 Magnum
1758 4800 1829 4842 vero
1851 4790 1942 4857 atquo

310 4883 467 4943 delicatum
489 4884 640 4944 fastidium
661 4885 692 4943 in
715 4885 873 4945 comoediis
896 4884 1067 4961 spectandis
1089 4883 1255 4944 Euanthius
1277 4885 1350 4961 ipsis
1372 4884 1603 4945 Atheniensibus
1626 4890 1757 4944 aetatum
1779 4884 1942 4944 mediaest

309 5003 405 5046 novae
427 4985 595 5045 comoediae
616 4987 790 5062 aequalibus
813 4987 918 5048 tribuit
939 4987 996 5049 hoc
1018 4988 1092 5058 loco,
1117 4987 1168 5063 qvi
1191 4987 1324 5062 proxime
1344 4989 1370 5046 ei
1392 4987 1553 5064 praeeedit.
1576 4987 1623 5046 ad*
1636 5005 1722 5062 qvem
1746 4987 1832 5046 modo
1848 4987 1941 5047 lecto-

309 5107 370 5148 rem
393 5089 602 5164 relegavimus:
627 5090 784 5150 domoedia
806 5098 886 5151 uene
907 5098 940 5150 nt
962 5090 1000 5152 ab
1023 5093 1106 5151 initio
1129 5091 1239 5150 edomas
1256 5090 1318 5163 suit
1332 5093 1538 5166 paulatimque
1554 5105 1753 5165 personarum
1767 5105 1889 5147 numero
1910 5092 1941 5148 in

309 5194 432 5266 quinque
460 5196 545 5251 actus
566 5194 724 5267 processit.
754 5194 798 5252 ita
819 5195 970 5268 paulatim
997 5197 1075 5255 reiut
1102 5195 1203 5253 attrito
1228 5198 1314 5267 atque
1336 5199 1496 5254 extenuato
1519 5193 1610 5252 cnoro
1634 5193 1678 5253 ad
1696 5207 1803 5252 noriam
1826 5206 1941 5251 comoe-
