4726 6270
935 522 1138 600 Ωναννιίονιεν
1164 523 1379 588 Terentianae.
1892 529 1931 590 27

338 723 527 799 admodum
563 722 697 797 nostris
731 722 952 818 temporibus
987 721 1107 797 omnia
1138 721 1281 796 fabulae
1316 722 1425 796 verba
1452 718 1593 820 dialogi
1619 724 1793 799 vocabulo
1820 747 1976 821 compre·

338 845 446 919 hendi
474 844 602 934 solent,
629 866 701 917 non
727 843 774 917 iis
800 843 838 917 in
864 843 932 916 hac
959 843 1137 918 communi
1162 842 1405 917 nominatione
1432 843 1605 938 exceptio,
1627 867 1718 938 qvae
1737 846 1836 920 solus
1855 869 1977 920 secum

339 965 471 1061 aliquis
504 964 602 1054 facit,
639 963 711 1038 nisi
746 963 780 1037 si
811 972 997 1054 canuntur,
1026 964 1091 1038 sed
1118 963 1281 1037 omnibus
1307 962 1526 1038 carminibus
1552 964 1725 1055 exclusis;
1753 989 1901 1062 eamqve
1928 967 1977 1041 di·

339 1085 443 1160 cendi
469 1083 761 1158 consuetudinem
788 1082 972 1158 Romanos
998 1084 1109 1158 multo
1137 1083 1243 1158 etiam
1264 1084 1541 1157 constantiorem
1561 1085 1732 1160 habuisse
1752 1110 1797 1160 ex
1814 1087 1882 1160 hoc
1900 1110 1976 1183 per·

340 1206 499 1303 spiritur,
534 1203 627 1299 qvod
660 1202 769 1277 adid
796 1202 1083 1299 significandum,
1112 1202 1207 1298 qvod
1234 1201 1369 1278 Graeci
1396 1226 1477 1277 sero
1504 1213 1720 1303 μονολογίαυ
1747 1216 1976 1295 vocaverunt,

341 1326 438 1400 nullo
472 1324 616 1421 proprio
652 1323 826 1397 vocabulo
862 1323 920 1397 usi
946 1332 1007 1398 aut
1033 1324 1197 1420 indigere
1225 1323 1295 1397 sibi
1322 1324 1394 1398 visi
1421 1333 1518 1399 sunt:
1548 1350 1629 1399 nam
1656 1326 1881 1425 soliloquium
1909 1328 1978 1424 pri·

339 1469 418 1519 mus
452 1443 680 1539 Augustinus
715 1448 797 1539 (nec
831 1452 950 1518 tamen
985 1444 1018 1519 is
1054 1444 1098 1518 de
1133 1444 1277 1517 scenico
1312 1446 1502 1540 sermone),
1539 1455 1578 1519 ut
1610 1447 1690 1542 ipse
1723 1455 1854 1536 narrat,
1883 1448 1977 1521 inve-

339 1566 392 1638 nit
424 1562 612 1659 (Soliloqv.
643 1568 677 1638 2.
707 1569 740 1638 7.
775 1569 846 1658 ll),
879 1563 1032 1640 Romani
1058 1573 1177 1638 autem
1204 1565 1294 1638 satis
1320 1564 1532 1655 habuerunt,
1562 1567 1656 1640 sicut
1682 1591 1812 1663 graece
1840 1565 1860 1642 ὁ
1887 1567 1979 1663 πρὸς

340 1683 468 1759 ἑαυτὸν
503 1682 672 1781 διάλογος
708 1683 848 1774 dicitur,
876 1684 938 1774 ita,
968 1685 1046 1757 sive
1072 1685 1111 1757 in
1137 1707 1281 1759 scenam
1308 1685 1431 1780 plures
1458 1686 1552 1760 inter
1578 1710 1629 1777 se,
1659 1689 1737 1762 sive
1764 1688 1899 1784 singuli
1927 1710 1979 1762 se·

339 1827 419 1878 cum
455 1804 699 1898 colloquentes
735 1802 788 1901 (hi
822 1810 942 1877 autem
977 1827 1049 1877 non
1079 1805 1258 1879 canticum
1284 1807 1450 1900 agentes)
1476 1807 1612 1880 inducti
1639 1815 1750 1896 erant,
1780 1805 1979 1883 diuerbium

339 1924 534 1998 nominare.
588 1924 669 1998 Hoc
704 1925 811 2021 paulo
847 1924 1057 2021 diligentius
1093 1924 1243 1998 definire
1278 1948 1429 2001 necesse
1463 1927 1543 2015 fuit,
1576 1927 1661 2022 qvia
1686 1950 1795 2024 saepe
1821 1928 1859 2002 in
1886 1953 1978 2025 sqq,

339 2045 480 2119 etiamsi
516 2068 607 2119 unus
644 2046 680 2118 in
716 2044 900 2119 comoedia
934 2045 1101 2142 loqvitur,
1136 2044 1290 2118 diverbii
1322 2068 1451 2120 nomen
1477 2069 1548 2119 non
1575 2047 1778 2122 vitabimus.
1832 2048 1916 2123 Jam
1943 2056 1981 2122 ut

338 2166 426 2239 illuc
462 2165 660 2254 redeamus,
695 2188 740 2238 ne
776 2188 819 2239 ea
855 2165 996 2261 qvidem
1033 2165 1204 2252 diverbia,
1238 2188 1330 2260 qvae
1357 2174 1442 2239 sunt
1468 2190 1591 2240 secum
1617 2168 1906 2265 colloqventium,
1934 2168 1980 2242 ad

340 2285 466 2359 modos
492 2286 651 2360 tibicinis
677 2285 860 2359 modulata
886 2309 958 2359 non
984 2286 1161 2360 interdum
1187 2287 1341 2360 luerunt.
1385 2285 1464 2377 Qvo
1482 2288 1600 2383 posito
1620 2312 1725 2384 qvam
1743 2289 1779 2361 in
1799 2289 1979 2383 perturba·

340 2408 473 2481 tionem
499 2406 616 2481 omnis
643 2406 805 2501 qvaestio
832 2406 1050 2480 canticorum
1076 2405 1234 2480 incidere
1258 2406 1430 2497 videatur,
1452 2408 1543 2481 bene
1564 2409 1740 2504 intelligo,
1766 2409 1841 2498 sed,
1863 2432 1980 2505 qvem·

340 2526 528 2601 admodum
564 2550 624 2602 res
658 2526 822 2601 diversae
849 2526 1146 2618 internoscantur,
1175 2527 1338 2622 exemplo
1366 2528 1562 2602 ostendam.
1618 2528 1806 2604 Canticum
1833 2537 1980 2603 vocatur

340 2646 460 2721 Plauti
487 2644 721 2742 Captivorum
749 2669 859 2720 scena
885 2652 907 2723 2
935 2653 1039 2721 actus
1067 2651 1101 2737 3,
1128 2646 1167 2720 in
1193 2670 1264 2742 qva
1289 2647 1409 2722 omnia
1434 2657 1518 2723 sunt
1543 2649 1724 2746 Hegionis
1752 2649 1865 2724 senis:

651 2830 753 2925 Ouid
776 2840 834 2909 eet
856 2835 1010 2910 suerius
1036 2856 1142 2933 quem
1170 2833 1262 2910 bene
1286 2839 1365 2910 rem
1390 2858 1523 2933 perere

699 2951 808 3031 Bono'
825 2955 993 3054 puplici,
1017 2954 1116 3030 sieut
1139 2957 1209 3051 e'po
1231 2954 1313 3050 feei
1338 2953 1430 3047 lteri,

651 3070 768 3165 Quom
794 3074 865 3151 emi
890 3072 1001 3151 hisce
1026 3071 1199 3149 domines.
1228 3073 1291 3151 ubi
1317 3077 1469 3174 purique
1495 3074 1632 3168 uident,

698 3194 800 3270 Eunt
824 3194 970 3271 obuium
994 3195 1299 3293 gratulemurque
1326 3197 1407 3270 erim
1432 3219 1520 3271 rem.

423 3371 429 3374 .
438 3370 497 3376 .......
503 3368 733 3376 —nu—--u--r-n
743 3369 750 3375 -

341 3455 475 3498 rrommen
503 3438 608 3497 solltea
637 3445 725 3497 uater
754 3435 890 3497 diverbia
919 3454 978 3496 nur
1005 3438 1107 3497 solete
1134 3436 1244 3498 Stellen
1275 3441 1453 3499 vertendus
1481 3441 1610 3506 medea,
1639 3441 1670 3498 iu
1693 3441 1789 3500 denen
1811 3442 1884 3501 arvei
1906 3441 1980 3500 oder

340 3542 473 3601 rirebrere
495 3540 705 3614 Sebouepieier
725 3541 789 3599 ricla
810 3542 863 3598 mit
883 3540 1031 3599 uuunder
1052 3542 1242 3600 unterredeu.
1287 3541 1375 3601 Diere
1396 3543 1522 3601 morinen
1543 3542 1575 3601 in
1588 3542 1693 3615 jedem
1714 3543 1831 3602 Dromo
1854 3544 1912 3602 deu
1933 3542 1980 3602 bei

340 3647 450 3704 recitem
477 3645 637 3718 princerni
666 3642 875 3703 Bertundtlteil
894 3660 964 3704 otu:
994 3644 1057 3703 und
1074 3660 1107 3703 ro
1131 3644 1213 3717 durs
1229 3661 1259 3704 er
1279 3661 1335 3703 urar
1354 3645 1436 3704 uielu
1464 3644 1598 3705 Wunder
1619 3645 1751 3711 recimer,
1772 3663 1856 3705 νυννινι
1878 3646 1979 3706 Donat

341 3746 446 3808 ebeno
469 3749 523 3806 mie
544 3746 672 3806 Diomed
691 3748 757 3806 dem
784 3746 935 3806 Canticum
956 3745 1127 3821 perenuiter
1149 3749 1222 3807 oller
1243 3762 1305 3822 mue
1323 3763 1382 3806 rtur
1396 3748 1512 3807 reritirt
1527 3749 1592 3807 arrd
1604 3748 1687 3807 niebt
1699 3763 1851 3822 perungere
1866 3749 1976 3817 riarde,

341 3852 419 3912 uucb
441 3850 603 3924 Monolope
623 3851 741 3909 celeber
760 3853 824 3917 Art,
847 3850 899 3908 ruit
920 3855 1007 3909 uerter
1030 3850 1095 3908 dem
1118 3851 1230 3908 ll'nnren
1254 3848 1424 3909 Diuerbium
1441 3848 1554 3923 defoset
1567 3847 1675 3909 baben.
1694 3880 1730 3892 -
1749 3849 1885 3909 Ceterum
1901 3848 1977 3908 idem

341 3955 386 4013 vir
414 3953 594 4013 clarissimus
623 3952 653 4012 in
683 3951 875 4011 fundamento
906 3968 1007 4011 eorum
1030 3951 1139 4010 Donati
1162 3951 1328 4014 verborum.
1353 3952 1460 4027 qvibns
1483 3951 1617 4010 diverbia
1639 3949 1798 4010 histriones
1820 3953 1975 4027 pronunti·

340 4074 416 4118 asse.
447 4057 565 4117 canitiae
592 4073 664 4115 vero
685 4062 850 4131 temperata
872 4053 967 4114 modis
990 4071 1056 4114 esse
1078 4054 1225 4120 dicuntur.
1248 4053 1303 4115 has
1325 4055 1561 4114 asseverationes
1580 4053 1749 4113 constituit:
1779 4054 1837 4116 Die
1858 4055 1979 4117 Recita·

340 4163 402 4220 tion
432 4160 488 4220 der
515 4157 676 4220 Dinerbieu
704 4160 770 4218 und
796 4158 869 4218 alles
898 4159 1002 4217 descen
1030 4173 1092 4216 rear
1112 4159 1194 4217 nielu
1220 4158 1372 4218 Canticum
1395 4160 1469 4218 oder
1492 4159 1536 4233 [in
1559 4156 1668 4217 sabulis
1690 4157 1819 4234 palliatis
1842 4157 1978 4235 tragicis]

343 4263 421 4324 Clror
448 4279 522 4330 reor,
554 4263 686 4338 pecual
714 4263 791 4322 abne
818 4262 997 4335 Beuleitunu
1026 4262 1081 4320 der
1110 4262 1193 4321 Fliite
1222 4266 1266 4337 (p.
1291 4264 1366 4334 370)
1390 4265 1432 4320 et:
1462 4260 1519 4320 Mil
1541 4263 1607 4321 dem
1636 4259 1760 4320 Verbum
1775 4264 1980 4337 pronuntiare

341 4365 512 4426 bereicbnet
539 4365 678 4426 nonnius
706 4365 755 4425 die
778 4364 873 4424 dicere
894 4364 1073 4428 Recitatiorr.
1098 4365 1129 4424 in
1149 4365 1275 4424 rnelclrer
1296 4380 1379 4423 error
1401 4365 1456 4423 der
1478 4365 1509 4423 in
1532 4366 1597 4424 dem
1610 4363 1831 4438 J'edesmolipea
1851 4365 1980 4425 Menum

339 4471 475 4544 liepeude
506 4468 580 4529 Tuci
607 4484 708 4543 pennu
738 4468 925 4544 erueturne
953 4469 1064 4543 riarde,
1096 4465 1170 4527 uber
1197 4484 1240 4534 so,
1272 4467 1345 4527 dure
1370 4483 1431 4541 per
1458 4467 1545 4527 deine
1573 4468 1780 4527 nordmaniae
1801 4468 1980 4543 Bepleitunp

341 4574 422 4632 drzu
445 4580 506 4632 troi
530 4577 574 4647 (p.
600 4575 688 4647 371).
720 4571 825 4647 Neqve
847 4571 934 4630 aliter
956 4569 1047 4629 sentit
1067 4569 1315 4630 Friedlaenderns
1337 4570 1368 4629 in
1388 4568 1510 4644 Antiqv.
1533 4569 1647 4644 llarqv.
1669 4587 1699 4645 p.
1724 4571 1799 4629 539:
1821 4569 1859 4629 Iu
1882 4571 1980 4632 dieta

341 4675 656 4749 Bubaeueirricbtunp
678 4673 806 4735 bmtund
826 4675 883 4736 dur
905 4675 1021 4735 Dromo
1044 4689 1099 4733 ouo
1120 4674 1241 4747 diolco,
1264 4675 1448 4734 Pantomime
1469 4660 1533 4733 re'rd
1556 4672 1675 4748 (lacae
1696 4674 1748 4732 mit
1764 4672 1980 4750 Flitenbeelei·

342 4784 429 4854 turim
457 4779 506 4840 die
535 4779 664 4853 dianae
692 4777 866 4852 (diverbia)
894 4780 1017 4838 nuder
1045 4783 1115 4838 stete
1142 4777 1327 4852 perprocben
1355 4777 1420 4836 und
1446 4791 1549 4836 mareu
1576 4777 1701 4837 memoli
1722 4779 1896 4852 remuniri.
1939 4776 1980 4836 Et

341 4887 412 4941 sunt
439 4880 494 4941 hae
525 4881 689 4958 opiniones,
718 4886 861 4956 qvantum
890 4900 907 4941 e
934 4880 1016 4941 libris
1038 4880 1163 4956 intelligi
1184 4885 1295 4956 potest,
1318 4896 1396 4939 nunc
1418 4879 1548 4939 omnium
1569 4880 1700 4940 virorum
1723 4879 1877 4941 doctorum
1900 4896 1979 4940 com·

342 5000 454 5043 munes.
499 4985 546 5043 Ne
568 4984 588 5041 ii
611 4983 739 5059 quidem,
768 4985 818 5059 qvi
842 4984 989 5060 colloqvia
1012 4982 1156 5059 quaedam
1178 4983 1318 5042 Plautina
1340 4981 1457 5040 cantica
1481 4980 1717 5049 nominaverunt,
1740 4998 1865 5056 nsqvam
1886 4980 1980 5058 signi·

342 5086 432 5147 licant
461 5103 494 5146 se
522 5091 627 5162 putare
656 5086 729 5146 haee
759 5086 902 5154 diverbia.
932 5106 1008 5163 qvae
1038 5086 1156 5146 cantica
1184 5085 1220 5143 iis
1248 5084 1396 5152 videntur,
1417 5102 1476 5144 non
1498 5082 1601 5152 inisse,
1624 5090 1658 5145 ut
1680 5085 1797 5145 cantica
1819 5084 1887 5152 alia,
1910 5102 1980 5145 vere

341 5195 471 5249 canule.
