4726 6270
406 521 448 584 56
940 516 1162 582 densamus
1186 531 1209 580 a
1235 513 1410 581 Banasa

365 717 507 791 habitae
533 721 602 789 act.
632 714 683 791 5:i
708 737 759 788 sc.
791 714 883 810 lzae)
908 714 1074 788 versibus
1104 717 1222 790 1-11
1249 715 1298 810 (v.
1322 714 1348 786 f.
1373 714 1600 810 uas-738).
1642 714 1765 790 Verba
1784 714 1993 813 Sophronae

364 837 525 926 nutricis,
562 835 690 931 qvibns
726 836 871 931 saepius
904 833 1165 930 interloqvitur,
1200 832 1285 907 dnm
1311 833 1439 908 mulier
1465 856 1545 908 enm
1572 856 1644 909 non
1670 834 1780 926 videt,
1806 834 1992 927 Chremes,

363 978 445 1031 num
480 955 553 1029 siut
587 955 775 1045 canticum,
811 954 955 1029 dubium
989 954 1132 1027 videtur
1157 950 1322 1051 Grysaro
1348 953 1398 1048 (p.
1428 953 1517 1048 370)
1542 961 1689 1049 propter
1714 956 1863 1030 eandem
1888 957 1994 1032 ratio

363 1099 455 1166 nem,
488 1098 594 1172 qvam
620 1076 658 1149 in
683 1097 916 1171 personarum
940 1075 1085 1149 fabulae
1111 1072 1319 1147 inferiorum
1345 1072 1496 1146 cunticis
1521 1073 1580 1146 bis
1606 1095 1716 1169 snpra
1740 1076 1927 1172 attigimus
1941 1078 1992 1172 *);

362 1196 431 1271 hoc
457 1217 542 1270 vero
569 1195 808 1291 soliloquium,
835 1194 1052 1290 gravissimo
1078 1193 1158 1268 loco
1183 1192 1372 1289 prolatum,
1399 1193 1446 1266 ad
1470 1192 1603 1267 nodum
1621 1194 1765 1269 fabulae
1785 1197 1995 1272 solvendum

363 1316 458 1389 viam
492 1322 595 1411 parat
626 1322 663 1388 et
689 1315 852 1389 omuibus
878 1315 1047 1402 numeris,
1075 1313 1137 1408 qvi
1162 1313 1367 1387 necessario
1393 1321 1477 1387 sunt
1503 1313 1700 1409 spectandi,
1723 1316 1861 1410 justum
1886 1319 1995 1391 canti·

363 1459 443 1510 cnm
478 1458 518 1510 se
553 1435 724 1509 ostendit:
760 1434 864 1509 modo
898 1443 938 1508 nt
973 1432 1197 1523 concedatur,
1234 1432 1271 1506 id
1306 1433 1400 1529 qvod
1435 1434 1590 1508 lectores
1621 1435 1747 1509 moniti
1772 1435 1869 1510 baud
1893 1459 1995 1533 repu-

364 1563 517 1651 gnanter
541 1554 684 1642 facient,
712 1554 819 1627 tibias
845 1554 1156 1628 interlocutionum
1182 1553 1354 1642 brevium,
1382 1552 1518 1649 passim
1544 1553 1582 1626 in
1601 1554 1732 1628 mediis
1753 1557 1940 1630 sententiis
1958 1566 1995 1630 et

363 1676 401 1749 in
427 1675 542 1749 ultimi
568 1697 696 1747 versus
722 1673 793 1747 fine
818 1675 1045 1763 intextarnm,
1072 1697 1143 1747 non
1161 1673 1279 1747 minus
1297 1696 1403 1769 qvam
1420 1673 1535 1768 ipsius
1553 1674 1683 1747 cantici
1701 1675 1849 1749 comites
1867 1676 1991 1749 tuisse.

465 1795 631 1869 Brevitas
665 1793 773 1888 hujus
807 1794 949 1884 cantici,
976 1816 1088 1890 prope
1114 1793 1209 1889 qvod
1234 1815 1302 1867 nec
1327 1801 1410 1866 ante
1436 1815 1503 1867 nec
1528 1803 1612 1889 post
1637 1803 1694 1867 est
1719 1794 1827 1884 aliud,
1854 1796 1891 1869 iu
1917 1818 1994 1890 pro

364 1915 496 2010 pinqvo
523 1914 649 1987 saltem
676 1921 783 1987 cantu
808 1914 975 1987 tibiarum
1002 1913 1106 2010 quasi
1132 1920 1362 2009 compensata
1388 1921 1454 2001 est,
1482 1913 1650 2008 qvoniam
1672 1915 1832 1989 ultimam
1851 1938 1994 1990 scenam

364 2042 466 2107 actus
493 2034 543 2109 ni
567 2033 634 2107 hoc
661 2033 837 2106 cauticum
863 2032 1066 2107 introducit.
1119 2033 1311 2107 Praeterea
1337 2041 1454 2107 antem
1481 2042 1623 2107 cantum
1650 2035 1870 2109 internatus
1896 2059 1995 2110 secu·

364 2164 438 2228 tum
466 2154 651 2248 excepisse
678 2153 820 2228 videtur
844 2153 1044 2226 diverbium
1070 2152 1116 2225 ad
1142 2152 1250 2226 tibias
1276 2153 1587 2248 pronuntiandum.
1640 2155 1764 2251 Digna
1786 2157 1880 2230 enim
1896 2157 1995 2230 tibiis

365 2273 453 2346 haec
490 2281 577 2361 erat,
613 2296 705 2368 qvae
739 2296 762 2344 a
795 2271 1021 2367 Demiphone
1056 2294 1153 2362 sene,
1189 2282 1378 2369 postquam
1411 2274 1538 2349 fraude
1563 2298 1586 2346 a
1612 2273 1708 2350 Geta
1735 2277 1995 2350 circumventus

363 2401 551 2489 argeutum
585 2392 792 2466 Phormioni
827 2392 1006 2488 expendit,
1042 2394 1260 2489 expromitur
1295 2393 1483 2488 sapientia,
1520 2400 1727 2467 assentante
1761 2393 1857 2471 Geta
1890 2417 1996 2469 servo

364 2536 442 2587 cum
470 2513 611 2586 occulta
636 2513 818 2586 irrisione:

363 2719 443 2792 DE.
489 2716 689 2818 Nostrapte
715 2719 821 2818 cupra
842 2719 1006 2814 facimus
1032 2726 1073 2795 ut
1095 2719 1210 2796 malos
1236 2717 1412 2818 expedint
1435 2723 1531 2810 esse,

490 2835 587 2913 Dum
614 2837 759 2912 narnium
786 2837 862 2914 dici
887 2840 954 2914 nos
981 2837 1094 2916 bonos
1119 2837 1305 2914 studemus
1331 2845 1369 2914 et
1392 2837 1576 2937 benipnos

489 2955 552 3034 Ita
573 2958 705 3055 suptus
730 2982 776 3032 ne
792 2963 950 3059 praeter
976 2983 1112 3052 cusum,
1139 2957 1240 3058 qnod
1264 2958 1376 3033 diunt.
1405 2983 1523 3034 noune
1549 2958 1592 3035 id
1615 2960 1678 3034 sn't
1701 2968 1794 3049 erut,

490 3076 666 3178 despuere
693 3078 739 3155 ab
767 3079 832 3155 illo
860 3079 1057 3155 iniurium?
1083 3080 1190 3154 etiam
1218 3082 1446 3177 arpentnmst
1468 3081 1563 3155 ultro
1590 3078 1783 3176 objectum,

499 3195 542 3272 Vt
564 3200 614 3273 stt
635 3199 699 3296 put
725 3199 839 3291 ninnt,
866 3198 949 3274 dum
976 3197 1083 3275 (iliud
1107 3197 1252 3297 aliquid
1271 3199 1396 3300 flu'piti
1422 3198 1606 3293 conficiat.

365 3317 446 3395 GE.
490 3316 730 3394 Planessume.
771 3319 850 3392 DE.
892 3317 962 3394 Eis
988 3342 1083 3393 nnnc
1100 3319 1356 3418 prue'rninrnst,
1383 3317 1447 3415 qni
1472 3321 1575 3393 re'cta
1592 3341 1720 3417 prono
1740 3318 1898 3413 seiciunt.

364 3439 443 3515 GE.
497 3435 708 3515 Vertssnme.
750 3439 830 3513 DE.
879 3437 924 3516 Vt
945 3440 1164 3514 stultnsnme
1190 3437 1334 3536 quidem
1362 3437 1416 3513 illt
1440 3461 1515 3512 reon
1540 3445 1769 3535 possennus.

364 3646 440 3720 Nec
475 3647 592 3720 minus
628 3646 776 3719 decebat
811 3647 856 3719 ad
890 3645 997 3719 tibias
1027 3647 1104 3742 jam
1139 3645 1311 3720 exterreri
1346 3667 1368 3717 a
1402 3643 1498 3720 Geta
1528 3668 1662 3733 senem,
1690 3645 1803 3719 donec
1828 3645 1874 3719 ad
1901 3645 1997 3720 mala

363 3766 609 3861 praecavenda
635 3766 680 3838 de
707 3789 815 3838 scena
840 3766 945 3839 abeat
971 3770 1019 3859 (v.
1049 3767 1205 3859 8-12);
1233 3787 1303 3860 qvo
1329 3765 1425 3838 facto
1452 3787 1579 3838 servus
1607 3788 1726 3839 secum
1754 3765 1843 3839 haec
1865 3766 1995 3840 delibe-

364 3895 429 3973 rat,
458 3909 549 3981 qvae
577 3908 647 3958 non
674 3886 861 3973 canticum,
891 3884 955 3958 sed
981 3887 1222 3959 continuatum
1250 3885 1447 3958 dir-’erbium
1473 3885 1690 3960 modulatum
1719 3909 1799 3960 esse
1826 3899 1992 3982 possunt:

467 4089 665 4188 Arpentunt
692 4091 910 4166 inuentumst
932 4088 1165 4166 Phaedriae:
1193 4088 1239 4165 de
1265 4091 1386 4189 in'rqio
1412 4093 1562 4168 siletur:

467 4208 708 4301 Proutsnntst,
734 4236 779 4286 ne
806 4212 1078 4312 inpraesentia
1103 4208 1196 4286 naec
1220 4209 1305 4287 ltine
1331 4211 1457 4288 cibant:
1484 4213 1576 4312 quid
1598 4237 1693 4289 nunc
1709 4215 1855 4314 po'rro?

471 4327 573 4421 Quid
591 4331 686 4425 liet?
712 4331 749 4405 in
776 4330 903 4407 eodem
930 4332 1004 4407 luto
1030 4329 1211 4407 haesitas:
1238 4354 1395 4407 uorsurn
1419 4334 1553 4424 solues,

471 4449 585 4527 Getn:
602 4455 789 4551 praesens
816 4451 916 4549 qnod
934 4452 1067 4547 suerat
1089 4451 1221 4527 molum
1249 4452 1285 4526 in
1313 4451 1407 4526 diem
1435 4450 1545 4527 abiit:
1566 4455 1704 4553 plnpue
1730 4459 1909 4545 croscum,

467 4569 553 4646 Nisi
569 4571 769 4671 prospicis.
797 4596 891 4648 nnnc
917 4569 998 4648 tnnc
1024 4571 1165 4648 donnum
1193 4570 1254 4647 ibo
1280 4595 1326 4647 nc
1351 4568 1533 4646 Pbctninm
1559 4572 1732 4664 edocebo,

465 4687 612 4789 Neputd
636 4697 808 4766 nereotnr
834 4689 1088 4768 Phormionem
1115 4699 1180 4767 out
1203 4689 1307 4767 leutos
1334 4692 1539 4766 orationem.

465 4967 497 5042 *)
520 4968 564 5026 De
587 4968 711 5045 hujusce
733 4968 850 5028 tabulae
872 4969 1008 5044 personis
1030 4969 1163 5027 Donatus
1186 4973 1301 5026 narrat:
1324 4970 1441 5028 mmor
1462 4971 1493 5027 in
1516 4986 1553 5029 eu
1570 4977 1684 5044 portes,
1701 4978 1733 5028 ut
1746 4972 1995 5044 ipsepoetopro-

357 5072 459 5143 fessus
487 5078 531 5130 est
560 5070 690 5147 [prolog.
719 5089 748 5129 v.
780 5072 845 5146 271,
875 5080 953 5132 tanet
980 5072 1133 5148 Phorni03
1161 5072 1311 5130 secundas
1336 5072 1419 5134 Geta
1443 5073 1546 5131 tertios
1569 5072 1724 5151 dominnm·
1745 5071 1871 5132 subinde
1891 5074 1991 5141 ceteri,

359 5180 451 5247 prout
473 5174 612 5247 ornusque
634 5183 719 5234 octus
739 5175 873 5233 ostendit.
