4726 6270
957 515 1159 594 Qaaadonea
1184 518 1400 584 Terentianae.
1909 523 1950 588 13
2066 569 2070 576 .

363 717 536 816 superior,
565 724 631 808 est,
659 723 695 791 et
720 722 843 790 nostra
868 722 985 791 aetate
1010 715 1121 791 tibiae
1147 739 1291 812 graves,
1320 716 1418 791 velut
1444 739 1535 812 qvae
1562 724 1647 791 sunt
1671 717 1709 792 in
1728 740 1864 815 organo
1882 741 1990 816 pneu-

362 839 505 929 matica,
538 860 611 912 non
644 835 749 912 modo
774 836 969 933 longiores,
997 836 1195 911 sedetiam
1221 836 1429 926 crassiores,
1458 859 1563 932 qvam
1588 843 1724 928 acuas,
1752 860 1834 914 esse
1861 838 1990 928 solent,

363 982 451 1034 sane
478 956 619 1031 videtur
643 978 687 1029 ea
711 955 810 1046 tibia,
837 956 896 1030 oui
920 956 1061 1052 lingula
1087 980 1133 1032 ex
1157 956 1326 1031 inferiore
1353 963 1549 1052 segmento,
1577 956 1614 1030 id
1641 966 1698 1032 est
1722 958 1889 1049 crassior,
1911 959 1990 1046 fuit,

363 1086 439 1154 tata
464 1077 619 1152 crassior
643 1075 768 1166 fuisse,
796 1074 834 1149 id
860 1083 916 1151 est
941 1076 1103 1173 gravior3
1138 1099 1229 1174 qvae
1255 1076 1575 1172 argumentationis
1603 1077 1661 1151 ria
1686 1099 1757 1152 non
1782 1078 1878 1175 fugit
1902 1078 1992 1154 Wil-

363 1198 574 1287 maunsium,
611 1195 676 1271 sed
709 1196 886 1271 immerito
919 1196 965 1271 ab
992 1219 1035 1271 eo
1062 1196 1232 1294 despecta
1257 1197 1372 1291 esti).
1401 1238 1446 1251 -
1475 1195 1528 1271 Ut
1553 1205 1610 1271 est
1634 1196 1729 1295 apud
1756 1196 1991 1274 Censorinum

364 1320 388 1394 l.
423 1341 471 1393 c:
507 1313 620 1392 tibiae
654 1314 873 1392 incremento
907 1313 1146 1413 longitudinis
1176 1314 1271 1413 fiant
1299 1315 1504 1414 grauiores,
1537 1317 1589 1391 ita
1619 1324 1654 1391 et
1681 1317 1772 1392 ratio
1798 1317 1930 1392 evincit
1956 1324 1992 1393 et

364 1445 564 1514 nostrorum
596 1444 795 1532 temporum
826 1458 914 1511 usus
944 1435 1050 1511 docet
1079 1459 1229 1511 necesse
1255 1459 1348 1528 esse,
1375 1437 1485 1512 tibiae
1510 1459 1642 1533 graves
1667 1437 1852 1534 longiores
1878 1439 1992 1513 acutis

364 1559 447 1634 sint.
501 1555 678 1646 Quocirca
706 1555 753 1630 ad
779 1579 918 1631 omnem
943 1556 1043 1631 litem
1069 1557 1113 1631 de
1139 1556 1240 1633 souis
1265 1556 1375 1630 tibiae
1401 1557 1547 1631 dextrae
1575 1565 1611 1632 et
1635 1557 1804 1632 sinistrae
1829 1557 1992 1632 dirimen-

365 1679 445 1753 dam
470 1676 561 1751 nihil
586 1698 676 1773 opus
703 1698 784 1751 esse
810 1677 974 1753 rideatur
999 1677 1108 1768 allud,
1137 1699 1242 1772 qvam
1268 1683 1309 1752 ut
1329 1685 1632 1753 monumentorum
1651 1676 1868 1772 imaginibus
1889 1677 1993 1751 alter·

362 1805 443 1873 utra
477 1796 598 1893 opinio
633 1795 712 1872 sine
745 1795 821 1871 ulla
854 1797 1093 1894 repugnantia
1127 1795 1365 1872 confirmetur.
1417 1795 1467 1870 Et
1501 1797 1585 1892 qvia
1610 1796 1655 1871 ad
1682 1819 1808 1871 sonum
1835 1796 1994 1898 impares

364 1915 477 1994 tibiae
502 1915 549 1990 ad
575 1914 692 1989 visum
717 1914 824 1990 etiam
851 1938 999 1993 naman
1021 1915 1245 2012 foraminum
1273 1913 1456 1991 discretae
1480 1916 1594 2015 (Fest.
1621 1940 1657 2014 p.
1690 1921 1760 1994 109
1783 1917 1923 2013 Muell.)
1942 1918 1993 1992 fu·

364 2035 547 2130 emavi),
583 2041 690 2132 atqve
725 2031 772 2110 de
802 2034 1048 2131 foraminibus
1082 2035 1213 2112 ricinis
1247 2036 1305 2113 ori
1331 2035 1493 2136 inflantis
1517 2058 1630 2113 sonas
1655 2042 1783 2113 aratra
1809 2036 1993 2130 emittitur,

364 2154 411 2230 de
445 2153 649 2252 longinquis
684 2158 801 2230 aulem
828 2161 866 2230 et
889 2154 1040 2232 termino
1059 2155 1244 2255 proximis
1267 2155 1419 2253 grauior
1445 2157 1617 2254 (blacrob.
1644 2158 1669 2231 l.
1698 2156 1757 2253 c),
1787 2165 1993 2254 exspectan·

364 2274 447 2350 dum
482 2281 570 2365 erat,
606 2283 646 2349 ut
679 2274 724 2349 ab
759 2274 827 2350 hac
861 2298 1001 2372 qvoqve
1033 2283 1136 2372 parte
1161 2298 1221 2351 res
1246 2278 1484 2352 monumentis
1510 2278 1616 2375 plane
1641 2278 1891 2353 illustraretur.
1944 2276 1994 2351 At

363 2395 490 2470 horum
524 2417 781 2490 conqueramur
813 2395 1099 2497 inconstantiam.
1159 2396 1449 2493 Interpretationi
1482 2405 1626 2472 nostrae
1660 2398 1731 2473 loci
1764 2396 1992 2487 Varroniani,

364 2515 425 2611 qvi
451 2524 508 2589 est
532 2514 570 2589 in
596 2515 710 2611 primo
735 2515 828 2590 libro
854 2515 899 2590 de
924 2539 964 2590 re
990 2516 1136 2606 rustica,
1164 2516 1467 2592 confirmationem
1492 2518 1688 2613 adJecimus
1708 2541 1728 2593 e
1747 2517 1887 2613 pictura
1903 2515 1993 2591 Her·

364 2634 560 2709 calanensi.
613 2633 711 2709 Ecce
742 2642 860 2709 autem
886 2635 993 2710 etiam
1018 2635 1280 2711 Wilmaunsius
1305 2636 1351 2712 ad
1376 2638 1618 2713 testimonium
1646 2637 1808 2712 veritatis
1834 2659 1921 2711 suae
1948 2637 1992 2710 de

362 2755 462 2830 tibiis
489 2755 687 2830 sententiae
712 2755 890 2851 imagines
915 2756 1134 2831 monumenti
1152 2756 1337 2852 cujusdam
1355 2780 1434 2832 cum
1452 2758 1627 2834 Macrobii
1647 2757 1776 2832 iisdem
1794 2757 1916 2832 verbis
1935 2779 1993 2829 vo-

363 2875 470 2950 cavit.
523 2875 616 2949 Nam
651 2875 745 2950 inter
776 2875 924 2971 figuras,
952 2899 1043 2972 qvae
1068 2877 1106 2951 in
1132 2877 1269 2973 pariete
1294 2878 1388 2952 antri
1414 2879 1627 2975 sepulcralis
1654 2877 1850 2977 Cyrenaici
1875 2877 1993 2974 pictae

362 2995 530 3069 inventae
556 3001 650 3085 sunt,
679 2994 770 3070 duae
795 2995 965 3070 tibicinae
991 2995 1086 3070 binis
1112 2995 1212 3071 tibiis
1238 3005 1379 3088 canunt,
1409 3021 1429 3072 e
1455 2999 1585 3093 quibus
1611 2998 1710 3072 tibiis
1736 3004 1884 3093 utraqve
1911 2996 1993 3071 dex·

363 3124 420 3190 tra
452 3137 492 3190 re
525 3139 613 3190 vern
646 3117 793 3214 propius
818 3116 865 3191 ad
890 3117 1090 3207 terminum,
1119 3140 1224 3215 qvam
1250 3117 1365 3208 laeva,
1392 3116 1511 3192 minus
1536 3140 1658 3214 prope,
1687 3140 1792 3213 qvam
1818 3115 1918 3206 haec,
1946 3116 1992 3190 ad

362 3235 537 3331 lingulam
571 3235 779 3311 accedentia
811 3239 981 3334 opercula
1013 3238 1225 3313 foraminum
1259 3236 1470 3329 habetffl).
1522 3236 1603 3312 Hoc
1637 3237 1699 3312 ille
1731 3258 1862 3333 magno
1889 3235 1992 3311 docu-

363 3362 482 3430 mento
518 3378 599 3432 esse
632 3363 745 3452 putat,
781 3356 846 3433 sed
875 3358 957 3452 jure
992 3357 1097 3432 valde
1124 3355 1287 3431 dubitare
1312 3357 1409 3448 licet,
1436 3356 1605 3454 numquid
1631 3357 1678 3432 ad
1703 3380 1778 3433 rem
1803 3356 1991 3454 pertineat.

363 3475 522 3549 Primum
547 3476 642 3551 enim
668 3476 705 3550 in
732 3483 880 3574 utraque
905 3476 1024 3574 figura
1048 3478 1173 3553 ambae
1199 3477 1309 3552 tibiae
1334 3477 1569 3574 longissimae
1595 3485 1689 3568 sunt,
1712 3485 1752 3552 ut
1771 3500 1919 3574 gravem
1938 3501 1992 3552 so·

363 3617 447 3670 uum
480 3619 503 3670 a
532 3597 632 3671 nulla
656 3597 722 3672 tali
747 3597 1019 3693 abjudicaveris,
1048 3605 1084 3673 et
1109 3598 1222 3673 altero
1247 3598 1328 3673 loco
1354 3621 1425 3674 non
1452 3598 1676 3690 discernitur,
1704 3606 1785 3673 utra
1809 3597 1898 3672 tibia
1923 3599 1992 3671 for·

362 3723 460 3790 tasse
493 3716 637 3813 longior
671 3717 730 3809 sit,
767 3718 850 3814 qvia
875 3719 947 3816 ipsi
972 3718 1115 3793 termini
1140 3741 1211 3793 non
1237 3717 1485 3815 dispiciuntur,
1513 3717 1626 3794 altero
1651 3725 1769 3793 autem
1796 3717 1921 3793 dextra
1947 3718 1991 3792 si·

362 3836 511 3910 matram
545 3844 618 3911 tam
652 3837 823 3933 perpaulo
849 3845 1005 3934 superat,
1033 3846 1072 3914 ut
1097 3838 1321 3914 dissimiliter
1345 3845 1539 3934 promotae,
1567 3838 1633 3913 sed
1658 3838 1705 3912 ad
1730 3837 1990 3934 longitudinem

362 3956 531 4051 aeqvales
565 3956 690 4031 haberi
723 3965 821 4033 recte
854 3959 1005 4055 possint.
1060 3959 1200 4058 (Neqve
1235 3958 1279 4033 de
1313 3959 1537 4056 longitudine
1570 3983 1691 4035 aarum
1718 3959 1909 4056 qvidqvam
1936 3960 1992 4034 vir

361 4075 513 4173 doctus).
566 4076 706 4152 Deinde
732 4086 902 4175 utraeque
928 4079 1049 4169 tibiae,
1077 4079 1147 4155 etsi
1172 4079 1346 4156 foramina
1372 4079 1517 4174 obliqra
1541 4080 1683 4175 magnis
1708 4079 1856 4176 paxillis
1882 4079 1992 4175 longo

360 4195 485 4270 ordine
512 4196 656 4271 occlusa
682 4205 775 4288 sunt,
803 4197 981 4289 inflantur,
1009 4207 1045 4274 et
1070 4200 1116 4275 ob
1143 4222 1221 4274 eam
1247 4222 1392 4274 causam
1417 4207 1479 4275 aut
1497 4198 1568 4274 hue
1585 4199 1810 4275 referendum
1829 4207 1885 4275 est
1901 4199 1991 4274 illud

463 4436 496 4515 *i
518 4437 593 4508 Hoc,
616 4439 696 4516 qvod
718 4443 823 4501 contra
844 4441 993 4517 opposuit,
1016 4438 1100 4501 nibili
1122 4458 1187 4502 esse
1209 4441 1385 4502 censuerim:
1414 4439 1493 4512 „Sed
1515 4457 1692 4517 quamquam
1714 4439 1836 4501 inferior
1857 4441 1989 4501 iuterna-

361 4536 402 4597 dii
423 4557 494 4616 pars
514 4540 616 4617 paullo
638 4541 767 4603 cmssior
788 4546 834 4603 est
855 4560 943 4618 quam
965 4542 1110 4620 superior,
1132 4542 1264 4604 foramen
1286 4545 1381 4621 partin
1395 4543 1553 4613 inferioris,
1570 4543 1714 4620 siquidem
1730 4562 1766 4604 ex
1781 4549 1884 4604 nostra
1898 4561 1990 4604 arun-

362 4638 431 4702 dine
452 4640 490 4702 de
510 4643 594 4703 lacus
616 4641 801 4705 Orchomenii
822 4644 967 4704 mundius
989 4646 1123 4707 conicere
1144 4646 1221 4718 licet,
1237 4647 1337 4723 paullo
1352 4647 1507 4724 augustIus
1522 4650 1578 4715 est,
1593 4645 1636 4707 ita
1651 4651 1685 4707 ut
1699 4646 1885 4708 ratiocinatio
1901 4646 1990 4708 modo

361 4742 478 4817 prolata
498 4744 587 4820 plane
608 4749 790 4806 crematur.“
812 4778 855 4791 —
876 4747 921 4807 De
943 4747 1082 4809 tibiarum
1103 4747 1306 4815 foraminibus.
1328 4767 1382 4826 per
1404 4766 1480 4825 qvae
1502 4750 1567 4811 soni
1590 4749 1721 4817 exibant,
1742 4749 1911 4810 Macrobius
1926 4749 1946 4808 l.
1962 4766 1988 4809 c.

362 4843 486 4920 adjecit:
507 4848 575 4908 itan
597 4849 716 4908 arator
738 4849 844 4923 (sonus
866 4850 1024 4927 emittitur)
1039 4854 1293 4928 perpetratione
1311 4854 1478 4927 famina,
1499 4854 1626 4929 aanor
1642 4869 1701 4930 per
1722 4859 1861 4929 sagrata.

464 4963 515 5041 **)
536 4966 692 5036 Nimirum,
713 4969 828 5044 opinor,
851 4970 937 5047 plura
958 4971 989 5031 iu
1010 4972 1144 5050 longiore
1165 4972 1239 5033 tibia
1260 4971 1406 5033 foramina
1426 4977 1521 5041 erant,
1543 4990 1631 5048 qvam
1653 4972 1683 5032 iu
1706 4971 1850 5033 breviore.

463 5084 532 5159 m)
553 5086 629 5149 Vide
649 5087 802 5150 Wieaeleri
826 5090 1090 5168 ibenteraebeiaaa
1111 5094 1176 5154 aad
1195 5093 1376 5154 Benlrmdler
1390 5094 1442 5155 dea
1456 5094 1691 5154 Btbaaaaeeerrs
1706 5091 1753 5154 bei
1768 5094 1825 5154 den
1844 5093 1989 5156 Griselica

360 5187 584 5266 matinen,
607 5190 667 5250 tab.
689 5191 769 5262 XIII,
788 5190 875 5270 imag.
900 5197 927 5255 2.
1985 5212 1989 5222 ·
