4740 6270
453 528 495 595 54
989 527 1212 595 hunuanus
1238 544 1261 593 s
1285 527 1459 596 Banasa

412 724 572 822 Antipho
598 732 633 799 et
658 725 849 818 Phaedria,
882 726 944 822 qvi
970 733 1067 801 stant
1092 726 1130 800 in
1155 725 1307 823 pulpito,
1334 727 1446 802 verba
1471 725 1588 803 Getae
1614 725 1839 803 advenientis
1864 735 1926 802 aut
1951 727 2042 804 nihil

410 846 560 922 audiunt
585 845 671 943 (vid.
699 870 734 921 v.
763 852 785 924 6
812 854 850 921 et
876 849 915 944 7)
941 854 1003 921 aut
1027 869 1153 944 parum
1179 850 1227 943 (v.
1261 851 1304 923 14
1333 853 1369 921 et
1399 851 1479 945 16);
1506 869 1588 921 uam
1608 847 1724 944 primo
1743 855 1880 923 tautum
1900 856 2042 943 gestum

411 965 489 1061 ejus
520 965 765 1040 vehementem
795 966 1075 1061 interpretantur
1100 973 1136 1041 et
1161 974 1287 1062 postea
1312 966 1519 1064 imperfecto
1544 968 1650 1043 modo
1676 970 1823 1046 auribus
1848 970 1960 1044 verba
1985 991 2043 1044 ex·

409 1084 557 1182 cipiunt,
585 1105 677 1182 qvae
703 1109 726 1159 a
750 1084 926 1181 principio
952 1087 1214 1182 spectatoribus
1236 1086 1336 1162 clare
1363 1087 1547 1162 sonuerint
1572 1111 1722 1163 necesse
1743 1097 1809 1164 est.
1856 1087 2043 1182 Qvomodo

408 1204 501 1280 illud
525 1204 616 1302 fingi
641 1213 782 1302 poterat
806 1205 1071 1281 verisimiliter?
1108 1206 1268 1281 Primum
1294 1207 1359 1299 sio,
1387 1207 1528 1303 opinor:
1556 1208 1682 1305 procul
1708 1231 1836 1286 servus
1854 1209 1893 1283 in
1912 1232 2044 1306 magna

410 1348 521 1401 scena
555 1333 630 1400 tum
663 1333 873 1416 currentem,
909 1334 985 1401 tum
1020 1326 1274 1402 subsistentem
1308 1335 1520 1425 gestumqve
1554 1337 1720 1426 agentem
1750 1352 1793 1404 se
1817 1329 2043 1406 ostendebat.

409 1446 621 1543 Magnitudo
648 1453 765 1521 autem
792 1469 922 1521 scenae
949 1445 1080 1521 theatri
1104 1445 1257 1521 Romani
1284 1472 1374 1546 qvae
1400 1450 1509 1524 fuerit
1530 1450 1607 1545 jam
1627 1450 1791 1524 Terentii
1810 1449 2042 1547 temporibus,

361 1639 363 1642 ,
410 1567 450 1642 in
474 1566 543 1641 hac
569 1567 649 1662 ipsa
674 1574 775 1662 parte
802 1564 910 1662 hujus
935 1566 1077 1640 fabulae
1104 1567 1195 1641 satis
1216 1570 1394 1665 arguitur3
1418 1592 1500 1643 nam
1519 1568 1698 1666 Demipho
1716 1592 1838 1660 senex,
1856 1570 1919 1668 qvi
1937 1569 2043 1666 paulo

410 1696 503 1783 post,
532 1688 579 1761 ad
605 1712 639 1761 v.
668 1688 693 1760 l.
723 1692 809 1777 215,
837 1688 875 1762 in
901 1694 1130 1783 conspectum
1157 1688 1257 1763 veuit
1282 1688 1567 1785 colloquentibus
1593 1689 1710 1766 Getae
1732 1698 1769 1764 et
1789 1689 1987 1786 Antiphoni
2008 1697 2044 1764 et

409 1807 609 1883 Phaedriae
644 1808 831 1882 ambulans
867 1806 904 1882 in
938 1806 1064 1882 aldrao
1082 1807 1223 1906 platea,
1249 1831 1321 1883 non
1347 1817 1430 1884 ante
1455 1808 1493 1883 in
1519 1808 1696 1905 pulpitum
1720 1809 1929 1885 ascendisse
1954 1810 2043 1884 iudi·

410 1936 511 2003 catur
545 1952 650 2024 qvam
685 1929 731 2001 ad
766 1952 800 2000 v.
839 1933 907 2004 231
922 1928 969 2025 ⁴⁵).
1021 1927 1106 2004 dam
1141 1950 1247 2024 porro
1283 1951 1353 2026 qvo
1385 1930 1529 2004 tandem
1559 1930 1664 2004 modo
1691 1952 1772 2005 cum
1796 1930 1887 2004 satis
1912 1953 2044 2026 magna

411 2049 488 2124 veri
521 2049 641 2144 specie
676 2047 935 2138 adolescentes,
972 2048 1055 2123 dum
1086 2047 1182 2124 Geta
1207 2049 1479 2146 appropinquat,
1508 2072 1561 2141 ea,
1589 2072 1680 2146 qvae
1707 2057 1927 2146 spectatores
1952 2050 2043 2125 auri·

409 2171 478 2244 bus
504 2168 761 2264 percipiebant,
790 2167 866 2243 suis
892 2191 964 2243 non
989 2168 1208 2264 accipientes
1234 2168 1355 2243 induci
1380 2170 1592 2265 potuerunt?
1630 2169 1680 2244 Et
1706 2171 1881 2268 qvomodo
1906 2177 2043 2266 specta

409 2299 517 2380 tores,
545 2289 592 2363 ad
618 2311 708 2384 qvos
735 2287 851 2362 omnis
878 2311 994 2362 sermo
1022 2311 1042 2362 e
1067 2289 1257 2384 proscenio
1280 2290 1397 2363 emitti
1422 2290 1572 2381 solebat,
1595 2290 1685 2366 hace
1712 2291 1836 2366 eadem
1862 2292 1973 2366 verba
1999 2314 2042 2365 ex

408 2409 534 2484 ultima
566 2432 685 2501 scena,
718 2409 751 2483 si
776 2410 815 2483 in
841 2432 885 2484 ea
910 2409 1007 2483 dicta
1033 2417 1165 2499 esseut,
1194 2409 1484 2484 exaudivisseut?
1521 2411 1604 2485 Nou
1630 2411 1681 2484 ibi
1708 2418 1792 2485 sunt
1816 2410 2044 2506 pronuntiata

408 2531 454 2604 ab
480 2530 665 2620 histrione,
697 2553 820 2604 verum
846 2529 954 2625 hujus
980 2529 1070 2619 loco,
1098 2529 1135 2602 in
1162 2538 1269 2625 gestu
1294 2531 1469 2626 occupati,
1495 2538 1621 2605 cautor
1648 2552 1691 2605 ea
1716 2530 1762 2605 ad
1788 2530 1947 2605 tibicinis
1973 2554 2042 2604 mo·

409 2650 475 2725 dos
501 2651 642 2725 cecinit.
693 2651 751 2724 Ita
777 2650 916 2724 demum
943 2649 1161 2746 intelligitur
1185 2672 1257 2724 non
1283 2650 1405 2724 audire
1427 2651 1582 2746 juvenes
1602 2648 1693 2745 fingi
1709 2650 1882 2745 potuisse,
1901 2650 1948 2723 ad
1966 2672 2043 2746 pro·

408 2769 468 2845 cul
494 2771 767 2867 gesticulantem
792 2770 1003 2845 histrionem
1031 2791 1237 2860 conversos,
1270 2771 1533 2866 spectatoribus
1559 2770 1656 2845 clare
1682 2770 1921 2845 audientibus.
1974 2770 2043 2844 Ita·

410 2912 478 2986 qve
511 2890 581 2964 hoc
616 2898 672 2964 est
706 2890 894 2964 canticum.
948 2888 1019 2966 Oui
1054 2889 1274 2963 simillimum
1308 2890 1399 2964 illud
1431 2898 1497 2981 est,
1525 2890 1621 2985 qvod
1647 2912 1756 2985 supra
1782 2913 1827 2964 ex
1852 2889 2041 2985 Adelphis,

409 3011 512 3106 eujus
538 3011 680 3086 fabulae
706 3011 857 3107 primum
885 3018 951 3098 est,
979 3009 1174 3098 attulimus,
1203 3010 1297 3104 qvod
1317 3010 1400 3084 dum
1419 3033 1458 3084 se
1477 3032 1605 3084 cauere
1624 3008 1770 3083 simulat
1787 3031 1914 3084 servus
1932 3033 1951 3083 e
1970 3008 2043 3083 lon·

409 3131 542 3227 ginqvo
570 3132 776 3221 adveniens,
801 3131 893 3205 nihil
919 3131 1008 3205 satis
1034 3131 1182 3205 audiunt
1209 3128 1373 3204 Sostrata
1398 3137 1434 3204 et
1459 3128 1656 3205 Canthara:
1685 3151 1794 3225 qvare
1812 3129 1849 3202 id
1867 3129 2043 3204 canticum

410 3274 491 3327 esse
512 3253 588 3348 jam
615 3275 745 3327 novum
770 3252 1012 3327 testimouium
1039 3250 1203 3325 accessit.
1257 3248 1339 3324 Hoc
1360 3256 1478 3324 autem
1495 3249 1534 3323 in
1551 3248 1767 3323 Phormione
1784 3247 1936 3345 primum
1954 3271 2044 3343 qvas

410 3372 517 3446 etiam
552 3373 708 3447 intextas
742 3371 851 3446 habet
886 3370 1038 3445 diverhii
1064 3378 1197 3466 partes,
1227 3393 1288 3445 eas
1314 3392 1453 3466 qvoqve
1480 3369 1526 3443 ad
1552 3369 1660 3444 tibias
1686 3368 1934 3464 pronuntiatas
1961 3390 2042 3443 esse

409 3492 500 3566 satis
533 3493 681 3567 evidens
712 3490 755 3566 fit
780 3492 826 3566 ad
852 3516 886 3565 v.
916 3498 950 3583 7,
978 3491 1073 3565 intra
1098 3513 1203 3586 qvem
1228 3498 1418 3588 postqvam
1444 3491 1652 3564 decantatus
1677 3489 1747 3564 fuit
1771 3489 1918 3565 nuntius
1942 3489 2043 3564 terri·

409 3612 509 3687 bilis:
548 3636 633 3688 erus
667 3611 795 3689 adeat!
829 3620 864 3687 et
898 3613 1060 3686 astiterat
1095 3611 1133 3686 in
1167 3611 1345 3685 horrenda
1370 3611 1509 3685 timoris
1534 3609 1655 3707 specie
1683 3608 1821 3684 defixus
1848 3608 1954 3699 Geta,
1982 3610 2043 3683 vix

410 3732 509 3807 tibiis
545 3732 809 3807 conticescendi
843 3732 997 3828 spatium
1033 3731 1154 3806 datum
1190 3738 1256 3820 est,
1284 3753 1391 3806 versu
1417 3731 1573 3806 noudum
1599 3730 1711 3819 finito,
1738 3731 1945 3826 priusqvam
1966 3729 2041 3824 jam

411 3851 619 3948 Antiphoni,
647 3860 774 3949 gestus
800 3860 949 3949 aspectu
974 3853 1131 3948 paventi,
1161 3851 1428 3926 exclamandum
1447 3860 1558 3926 esset:
1578 3849 1666 3950 qaid
1682 3850 1775 3926 istuc
1790 3849 1935 3925 maliet?
1969 3847 2043 3924 Sed

412 3994 483 4046 uon
509 3973 598 4048 satis
624 3973 761 4070 liqvido
788 3972 860 4047 dici
886 3980 1014 4069 potest,
1044 3994 1148 4068 qvem
1173 3970 1220 4045 ad
1246 3972 1362 4045 locum
1390 3972 1566 4046 cauticum
1593 3972 1834 4046 coufinuatum
1861 3969 1920 4058 sit,
1948 3967 2042 4064 qvod

411 4098 531 4166 umen
557 4115 628 4166 uon
654 4092 749 4167 ultra
774 4114 917 4167 versum
947 4098 992 4168 15
1019 4113 1251 4188 progressum
1279 4099 1345 4165 est.
1399 4091 1565 4165 Brevitas
1591 4089 1722 4163 cantici
1743 4097 1860 4163 autem
1882 4088 1943 4163 hic
1960 4110 2042 4184 qvo·

412 4234 481 4309 qve
508 4219 564 4287 est
589 4212 720 4288 indicio
746 4212 845 4286 aliud
871 4235 954 4287 mox
980 4211 1094 4309 seqvi.
1123 4253 1168 4265 -
1198 4210 1280 4286 Hoc
1305 4210 1446 4308 qvidem
1474 4209 1642 4287 Wolffius
1668 4209 1884 4299 observavit,
1918 4208 1979 4305 qvi
2004 4208 2040 4282 iu

413 4332 627 4408 Phormione
661 4333 732 4406 duo
766 4334 907 4407 cantica
941 4333 1084 4430 reperit.
1136 4331 1238 4407 Inest
1272 4332 1310 4406 in
1341 4338 1409 4405 aot.
1438 4331 1488 4406 ai
1515 4353 1565 4404 sc.
1596 4335 1675 4406 3:ae
1701 4329 1801 4425 (olim
1826 4328 1919 4403 falso
1950 4327 2042 4423 lae)

411 4477 445 4526 v.
477 4458 598 4530 1-16
626 4455 675 4549 (v.
703 4454 727 4526 f.
758 4451 982 4547 231-246),
1011 4451 1072 4548 qvi
1098 4460 1285 4548 praeterea
1303 4450 1501 4526 diverbium
1519 4450 1653 4525 habent
1670 4449 1925 4538 intermixtum
1945 4448 2041 4544 iiqve

412 4573 518 4649 etiam
545 4596 672 4648 versus
698 4572 758 4647 hio
783 4574 955 4648 afferendi
980 4580 1079 4648 suut:

410 4762 490 4837 DE.
538 4731 648 4838 ltane
673 4760 816 4839 tandem
843 4763 992 4838 uxorem
1018 4758 1127 4834 duxit
1150 4741 1302 4860 datiprlro
1329 4759 1469 4835 incusari
1495 4758 1599 4834 meo?

532 4880 614 4959 Ne'c
639 4906 754 4958 meum
781 4881 988 4986 imperium:
1014 4904 1060 4957 ac
1085 4881 1182 4957 mitto
1210 4879 1415 4980 imperium:
1442 4879 1512 4954 κόνι
1538 4877 1754 4956 simultatem
1773 4899 1888 4954 meum

415 5022 807 5030 --———-....-.—-

510 5091 543 5168 a)
567 5091 655 5153 Hunc
677 5109 775 5152 senem
798 5090 946 5152 cauticum
969 5106 1053 5150 suum
1076 5094 1172 5149 totum
1194 5088 1291 5165 egisse
1312 5086 1521 5163 in‘prosaenlo
1543 5085 1590 5145 vel
1613 5103 1649 5146 ex
1666 5102 1701 5145 eo
1716 5090 1850 5159 apparet,
1866 5083 1946 5160 qvod
1961 5082 2040 5143 dicta

410 5193 475 5271 ejus
497 5195 596 5255 omnia
615 5194 750 5263 audiunt,
772 5193 822 5271 qvi
845 5193 984 5254 occultati
1007 5191 1185 5257 auscultant,
1209 5189 1285 5251 Geta
1306 5196 1337 5251 et
1358 5189 1514 5250 Phaedria.
