4726 6270
403 487 442 549 it
939 481 1160 548 Ennianus
1188 499 1209 545 s
1234 481 1407 546 Bausta.

361 688 432 774 tur,
467 688 590 779 qaam)
625 678 782 772 cantica,
817 701 908 777 qaae
943 680 1185 771 cannntnr*).
1239 678 1357 774 Atqve
1392 680 1483 753 satis
1515 678 1671 753 dilucide
1697 678 1862 752 Donatus
1889 680 1926 752 in
1953 675 1993 752 li·

361 800 456 876 bello
487 801 532 875 de
558 799 756 875 comoedia:
793 795 971 876 Direrbia
996 795 1192 874 histriones
1210 797 1502 898 pronuntiabant
1525 802 1610 896 (non
1637 799 1749 895 igitur
1774 800 1990 895 cantabant).

366 918 518 997 Cantica
544 942 628 996 aera
657 917 949 1019 temperabantur
974 916 1102 1007 modis,
1135 940 1206 993 nan
1233 924 1402 1016 apaeta,
1428 917 1498 992 sed
1522 918 1688 1018 aperito
1716 918 1808 993 artis
1832 918 1994 994 nasicae

356 1039 473 1134 sactis
500 1039 731 1136 (canebantur
757 1037 878 1133 igitur,
906 1060 1118 1134 qvamqvam
1143 1061 1214 1111 non
1241 1038 1286 1111 ab
1313 1037 1404 1132 ipsis
1424 1036 1670 1128 histrionibus,
1689 1039 1828 1112 cantica
1846 1045 1995 1112 tantum·

361 1161 466 1233 modo
500 1159 716 1254 agentibus).
770 1157 866 1231 Hinc
902 1157 1009 1232 etiam
1045 1157 1222 1231 canticum
1256 1179 1387 1252 graece
1422 1158 1552 1231 dicitur
1578 1165 1748 1258 μονῳδία,
1774 1165 1814 1232 ut
1838 1181 1896 1255 ap.
1925 1158 1995 1232 Do·

361 1288 482 1354 natum
510 1279 557 1353 ad
582 1278 751 1376 Hecyrae
779 1301 812 1349 v.
843 1281 927 1353 816.
981 1276 1081 1371 Ergo
1108 1277 1406 1375 acqviescendum
1433 1278 1593 1352 estsine
1620 1276 1839 1352 dubitatione
1857 1279 1894 1352 in
1914 1280 1994 1368 hoo,

363 1422 453 1496 qvae
479 1398 754 1494 appellabantur
780 1398 930 1485 cantica,
959 1420 1001 1470 ea
1027 1419 1097 1469 non
1124 1420 1147 1469 a
1173 1396 1458 1492 colloqventibus
1484 1398 1578 1471 inter
1604 1420 1643 1471 se
1665 1398 1841 1493 pluribus,
1866 1399 1930 1472 sed
1951 1400 1996 1473 ab

362 1542 432 1593 uno
459 1541 580 1593 secum
609 1541 789 1592 semonem
816 1518 977 1591 intimum
1003 1517 1157 1590 habente
1183 1524 1265 1590 acta
1291 1539 1384 1591 esse.
1437 1517 1550 1612 quve
1577 1518 1696 1613 qvivis
1722 1518 1939 1593 canticorum
1958 1519 1996 1591 in

363 1639 551 1735 colloqviis
587 1638 765 1713 Plautinis
798 1637 966 1711 defensor
997 1637 1193 1711 concedere
1220 1636 1373 1727 debebit,
1402 1636 1435 1710 si
1461 1638 1648 1712 ostendere
1674 1637 1780 1711 nobis
1806 1638 1998 1734 contigerit

363 1758 510 1832 melicas
546 1758 640 1847 illas,
674 1764 713 1830 ut
739 1756 914 1847 videntur,
942 1756 979 1829 in
1007 1756 1134 1830 Plauto
1162 1779 1290 1831 scenas
1315 1757 1362 1830 ad
1388 1757 1497 1831 ullam
1524 1758 1726 1852 opinionem
1754 1757 1799 1831 de
1825 1758 1997 1832 diverbiis

363 1902 448 1953 vere
476 1877 631 1952 cantatis
657 1899 728 1950 non
755 1900 817 1952 eas
843 1877 996 1972 qvidem,
1026 1877 1090 1950 sed
1116 1876 1162 1950 ad
1188 1876 1287 1950 aliud
1307 1877 1482 1972 qvoddam
1501 1878 1750 1973 explicationis
1768 1901 1884 1974 genus
1901 1879 1996 1952 viam

364 2005 572 2072 monstrare.

467 2118 572 2192 Nunc
604 2139 826 2213 quaeramus,
862 2139 951 2213 qvas
977 2117 1024 2190 ad
1048 2127 1170 2213 partes
1197 2117 1401 2191 comoediae
1428 2125 1555 2192 cantus
1582 2118 1748 2193 tibiarum
1774 2118 1995 2214 pertinuerit,

365 2240 424 2334 qvi
449 2261 521 2312 non
548 2259 635 2310 sane
663 2237 879 2311 canticorum
906 2244 1041 2311 tantum
1069 2238 1199 2311 finibus
1231 2237 1488 2312 continebatur.
1543 2238 1706 2311 Donatus
1732 2245 1852 2313 monet
1878 2239 1922 2312 de
1947 2238 1997 2310 fa-

297 2439 301 2447 ,
363 2359 459 2432 bulis
486 2357 628 2430 Latinis
654 2357 854 2451 generatim
879 2356 916 2429 in
943 2365 1152 2452 argumento
1179 2356 1338 2431 Andriae
1364 2358 1434 2454 (ed.
1462 2356 1586 2431 Klotz.
1614 2366 1697 2432 tom.
1725 2358 1745 2432 Ι
1770 2382 1805 2454 p.
1834 2359 1887 2454 5):
1928 2355 2000 2433 Est

365 2477 476 2574 igitar
503 2480 637 2550 attente
663 2473 1031 2569 animadvertendam,
1065 2475 1129 2552 abi
1155 2486 1192 2551 et
1216 2475 1358 2574 qnando
1384 2499 1519 2552 scaena
1545 2500 1660 2552 caena
1685 2478 1736 2552 sit
1761 2477 1807 2554 ab
1834 2476 1998 2553 omnibns

355 2594 542 2697 personia,
571 2601 612 2668 at
635 2594 672 2668 r'n
700 2616 745 2668 ea
774 2591 983 2687 cbcrns**)
1010 2595 1069 2670 cet
1092 2594 1225 2671 tibicen
1252 2594 1377 2672 andiri
1395 2596 1538 2696 possit:
1559 2595 1655 2695 qaod
1671 2619 1771 2694 paona
1790 2595 1997 2688 viderimus,

366 2713 418 2792 ibi
453 2720 571 2789 actam
608 2736 689 2789 esse
719 2712 860 2809 finitam
896 2713 1066 2791 debemns
1099 2737 1310 2813 apnoscere.
1364 2717 1413 2790 Et
1438 2717 1476 2790 in
1502 2716 1623 2791 Plauti
1648 2717 1830 2792 Pseudulo
1858 2740 1995 2807 servus,

365 2836 423 2909 cui
449 2835 543 2908 idem
570 2856 699 2908 nomen
726 2842 792 2925 est,
820 2834 857 2908 in
884 2836 1008 2909 ultimo
1035 2859 1142 2910 versu
1168 2837 1274 2932 primi
1299 2844 1402 2910 actus
1428 2837 1513 2911 dicit
1539 2837 1675 2927 abiens,
1703 2837 1998 2932 adspectatores

365 2978 577 3030 conversus:
615 2952 763 3030 Tibicen
796 2977 858 3031 aas
891 2955 1030 3030 interea
1055 2953 1116 3031 bic
1143 2954 1384 3031 delectaverit.
1439 2955 1511 3047 Qvi
1537 2958 1607 3030 duo
1633 2958 1705 3031 loci
1732 2958 1821 3030 satis
1846 2957 1999 3054 probant

365 3077 548 3151 tibicinem
583 3075 677 3149 inter
710 3082 812 3150 actus
848 3077 1109 3150 comoediarum
1144 3076 1243 3150 tibiis
1278 3075 1465 3150 cecinisse.
1519 3075 1741 3173 Qvamqvam
1768 3099 1840 3151 non
1864 3077 1903 3150 id
1928 3077 1999 3150 nisi

367 3196 592 3290 „interdumf‘
627 3196 761 3269 factum
789 3218 870 3269 esse
896 3195 1124 3270 Hermannus
1152 3219 1196 3271 ex
1222 3195 1350 3270 iisdem
1376 3196 1467 3269 locis
1494 3196 1635 3292 colligit
1660 3205 1696 3271 et
1721 3205 1804 3293 post
1830 3219 1910 3270 eum
1935 3195 1998 3269 alii

366 3323 527 3390 statuunt
540 3315 629 3411 aas).
687 3316 806 3410 Atqve
832 3317 901 3390 etsi
927 3315 1126 3390 Hermanni
1151 3316 1412 3411 argumentatio
1438 3317 1476 3390 in
1503 3340 1546 3390 ea
1572 3340 1610 3392 re
1636 3318 1729 3391 levis
1755 3316 1934 3409 estffl),
1962 3324 1998 3389 et

468 3590 500 3669 *)
524 3592 622 3652 Verba
641 3591 720 3651 intra
741 3590 928 3667 parenthesis
950 3593 1066 3669 signum
1088 3592 1202 3652 inclusa
1223 3587 1490 3664 Reifferscheidius,
1515 3592 1535 3651 l.
1558 3611 1584 3653 c.
1608 3610 1637 3668 p.
1664 3596 1711 3658 10,
1733 3610 1798 3652 cum
1813 3609 1921 3668 magna
1936 3592 1998 3651 veri

365 3693 556 3754 similitudine
578 3693 702 3754 addidit.

467 3795 516 3869 **)
540 3796 664 3863 Chorus,
687 3797 739 3873 qvi
761 3797 790 3856 in
814 3796 937 3873 tragicis
960 3799 1158 3859 Romanorum
1180 3797 1288 3858 fabulis
1309 3797 1439 3874 palliatis
1462 3816 1478 3856 e
1501 3796 1621 3857 Graecis
1643 3796 1783 3873 exemplis
1806 3796 1996 3866 retinebatur,

365 3899 395 3959 id
418 3899 499 3975 qvod
521 3898 669 3975 Grys'arus
691 3900 722 3959 in
744 3901 998 3969 commentatione,
1022 3919 1108 3977 qvam
1131 3918 1343 3978 saepenumero
1366 3918 1633 3972 commemoramus,
1657 3901 1850 3967 demonstrat,
1872 3900 1903 3959 in
1917 3899 1998 3959 hisce

365 4001 474 4062 tabulis
495 4001 610 4062 Latinis
632 4003 710 4063 inter
731 4002 817 4063 binas
839 4008 924 4062 actus
946 4003 985 4062 ad
1007 4003 1095 4063 tibias
1118 4004 1275 4064 choraulae
1295 4009 1417 4064 cantare
1439 4005 1567 4076 solebat;
1592 4001 1658 4063 cltr.
1681 4001 1830 4078 Grysarus
1846 4021 1876 4079 p.
1894 4005 1998 4064 398-

366 4108 429 4165 400
454 4110 484 4165 et
505 4104 753 4165 Friedlaenderus
776 4106 805 4164 in
828 4104 1063 4181 Antiquitatibus
1085 4106 1335 4183 blarqvardtianis
1357 4125 1388 4183 p.
1412 4108 1483 4166 542.

467 4205 537 4283 m)
560 4208 658 4267 Etiam
680 4207 928 4268 Friedlaenderus
950 4209 969 4269 l.
994 4227 1019 4269 c.
1042 4228 1072 4286 p.
1097 4212 1173 4270 539:
1202 4209 1260 4286 „In
1280 4210 1445 4270 Kombdien
1465 4209 1568 4268 narde
1587 4209 1642 4268 der
1663 4208 1867 4268 Zraiscbenatct
1888 4205 1998 4267 bisnei·

365 4312 413 4371 ten
434 4311 486 4371 mit
507 4311 607 4370 Manita
629 4313 820 4386 anspefiiltt“.

468 4411 557 4490 W)
586 4413 735 4473 Donatum
758 4414 801 4473 sic
823 4414 1038 4490 interpretans:
1067 4415 1152 4486 „Hoc
1174 4414 1292 4475 videtur
1313 4413 1420 4482 dicere,
1442 4413 1493 4473 ubi
1515 4413 1545 4473 in
1566 4412 1682 4473 Latinis
1704 4411 1813 4472 fabulis
1835 4429 1925 4472 scena
1946 4429 1996 4470 va·

365 4531 422 4575 cua
451 4515 502 4582 sit,
532 4520 575 4583 ut,
604 4515 629 4575 si
651 4515 728 4576 istac
750 4513 880 4576 Graecae
903 4523 1002 4576 essent
1023 4515 1151 4593 fabulae,
1174 4517 1281 4579 chorus
1304 4517 1351 4577 vel
1373 4517 1481 4577 tibicen
1504 4515 1600 4576 audiri
1622 4517 1727 4593 possit,
1750 4515 1791 4575 ibi
1812 4519 1910 4575 actum
1931 4513 1999 4574 tini·

365 4621 429 4676 tum
457 4616 567 4678 debere
596 4617 757 4695 intelligi“:
787 4651 826 4662 -
850 4618 1006 4695 plurimum
1029 4620 1133 4681 tribuit
1155 4620 1201 4681 his
1223 4620 1351 4680 vitruvii
1372 4619 1471 4680 verbis
1493 4620 1523 4679 in
1546 4618 1729 4697 praelatione
1751 4618 1818 4678 libri
1840 4617 1866 4677 V
1889 4618 1926 4678 dc
1948 4636 1999 4677 ar-

366 4718 544 4780 chitectnra:
580 4721 689 4782 Graeci
719 4737 828 4796 qnoque
851 4729 961 4797 poetae
990 4725 1104 4793 comici,
1133 4726 1351 4801 interponentes
1380 4739 1396 4783 e
1422 4724 1513 4783 cnara
1537 4725 1694 4794 canticam,
1718 4724 1879 4783 dicarant
1899 4722 1999 4797 spatia

362 4821 557 4904 sabulonem,-
579 4826 623 4884 ita
642 4832 747 4900 parter
770 4823 877 4885 cabira
898 4827 1017 4886 ratione
1033 4827 1190 4900 sociates,
1214 4825 1487 4902 intercapedinibus
1508 4828 1606 4887 levant
1627 4835 1762 4888 aetarnae
1773 4825 1999 4902 pronuntiatio·

365 4941 434 4988 nes:
459 4959 494 4970 -
520 4931 550 4986 et
573 4928 701 5002 qvaerit:
726 4927 819 5004 „quid
840 4932 895 4999 est,
918 4928 998 5003 qnod
1021 4929 1067 4989 liic
1090 4928 1218 4991 Graecos
1240 4933 1355 4988 tantum
1378 4929 1514 5002 comicos,
1537 4948 1596 4990 non
1620 4931 1707 4990 etiam
1728 4929 1853 4988 Latinos
1872 4945 1999 4988 comme·

365 5028 503 5088 moratl“
547 5027 581 5088 ld
611 5029 681 5090 inde
709 5036 763 5096 est.
794 5029 873 5106 qvod
903 5031 997 5107 ipsam
1025 5032 1225 5093 inventionem
1253 5031 1411 5107 separandi
1441 5031 1470 5089 in
1498 5030 1606 5092 tabulis
1628 5037 1713 5091 actus
1734 5032 1836 5108 plures
1858 5029 1996 5106 respexit.

364 5127 465 5203 Qvare
486 5131 575 5190 etiam
599 5132 712 5205 (verbis
734 5133 845 5193 utimur
868 5133 1027 5194 Hermanni
1049 5152 1078 5211 p.
1104 5137 1180 5212 298)
1204 5150 1242 5210 „e
1264 5135 1355 5194 clrorc
1378 5136 1527 5195 canticam
1549 5135 1633 5207 dixit,
1655 5153 1772 5195 carmen
1788 5153 1806 5194 a
1821 5132 1911 5193 choro
1927 5148 1998 5191 can-
