4726 6270
908 530 1111 607 Quaestiouee
1135 533 1352 598 Terentianae.
1862 537 1901 599 41

327 733 441 807 rantis
468 740 504 805 et
529 731 657 806 deinde
683 751 813 804 scenae
838 728 1063 805 turbulentae
1087 729 1180 804 hanc
1205 730 1401 826 raptionem
1427 737 1569 805 secutae
1590 751 1669 804 cum
1691 732 1841 808 canticis
1862 731 1948 809 San·

327 852 446 928 niouis
472 860 508 927 et
533 848 781 946 Ctesiphonis;
807 849 846 924 in
871 857 954 924 actu
979 850 1084 924 tertio
1109 857 1192 924 ante
1218 849 1335 927 Getae
1362 849 1537 924 canticum
1564 850 1679 924 tristis
1699 854 1835 943 matris,
1858 875 1948 949 qvae

328 972 438 1048 saluti
470 971 568 1045 filiae
600 970 712 1061 timet,
749 977 786 1043 et
819 992 897 1045 eam
929 970 1149 1045 consolantis
1173 970 1323 1045 nutricis
1349 992 1465 1045 sermo
1491 992 1533 1044 ac
1558 977 1685 1065 postea
1709 973 1949 1067 qverimoniae

329 1102 365 1167 et
390 1093 514 1167 turbae
541 1091 673 1165 variae.
725 1091 769 1164 In
795 1098 921 1186 qvarto
946 1091 1087 1186 quidem
1115 1091 1210 1166 seria
1235 1097 1271 1165 et
1291 1091 1377 1187 joca
1402 1114 1443 1165 se
1468 1090 1661 1186 excipiunt:
1689 1091 1750 1165 ubi
1774 1093 1889 1188 primo
1909 1093 1950 1167 li·

329 1213 447 1289 centia
473 1210 558 1310 Syri
584 1218 620 1284 et
646 1209 878 1306 Ctesiphonis
903 1211 1031 1306 prodit,
1059 1235 1142 1286 mox
1167 1218 1285 1285 autem
1303 1210 1409 1308 hujus
1428 1211 1542 1302 timor,
1563 1210 1763 1306 indignatio
1781 1214 1948 1305 Demeae,

328 1343 402 1407 tum
436 1353 531 1422 vero,
567 1338 813 1426 praeterquam
848 1353 939 1426 qvae
971 1330 1063 1404 ludit
1095 1354 1235 1427 semper
1262 1329 1379 1430 Syrus
1405 1338 1441 1405 et
1466 1332 1642 1405 interdum
1668 1331 1776 1407 Micio
1797 1333 1949 1428 jocatur,

329 1454 424 1528 seria
457 1452 496 1525 in
530 1450 658 1525 animis
694 1458 729 1524 et
762 1450 868 1524 factis
893 1451 1049 1525 omnium
1074 1451 1246 1546 gravitas.
1299 1449 1454 1541 Quintus
1479 1451 1618 1526 initium
1645 1453 1741 1548 capit
1767 1476 1789 1526 a
1814 1454 1951 1528 nantino

328 1573 392 1647 illo
425 1572 594 1646 Demeae.
648 1570 756 1644 Haud
781 1592 893 1666 parva
919 1577 975 1644 est
1000 1571 1056 1644 vis
1083 1571 1224 1645 ridiculi
1249 1571 1287 1645 in
1312 1571 1380 1645 hac
1406 1572 1538 1663 fabula,
1567 1595 1637 1646 nou
1664 1571 1779 1646 solum
1805 1573 1844 1646 in
1869 1573 1953 1647 acti·

328 1696 396 1769 bus
422 1693 562 1766 duobus
587 1690 733 1780 ultimis,
762 1689 827 1764 sed
848 1690 924 1786 jam
950 1713 973 1762 a
997 1690 1185 1786 principio,
1217 1692 1312 1765 inest
1337 1714 1421 1766 vero
1447 1691 1485 1766 in
1511 1693 1618 1766 rebus
1644 1698 1680 1766 et
1705 1693 1870 1787 personis
1896 1693 1954 1768 de·

328 1814 448 1910 pictis,
476 1811 601 1908 qvales
628 1833 690 1885 eas
716 1809 829 1884 lector
855 1809 953 1883 videt
978 1832 1071 1899 esse,
1098 1834 1170 1885 uon
1195 1811 1232 1884 in
1257 1811 1437 1885 hominum
1462 1811 1619 1907 ipsorum
1642 1813 1819 1887 mentibus
1841 1814 1954 1910 aegri·

328 1933 463 2023 tudine,
499 1932 564 2021 ira,
600 1931 736 2016 timore,
772 1930 981 2019 temeritate,
1015 1952 1135 2003 amore
1160 1932 1386 2027 perturbatis,
1414 1932 1447 2005 si
1472 1955 1495 2006 a
1521 1930 1609 2030 Syri
1633 1933 1750 2008 animo
1777 1934 1954 2030 intrepido

329 2062 436 2150 atqve
470 2052 606 2126 lascivo
641 2058 678 2124 et
711 2051 756 2124 ab
791 2072 904 2144 aeqvo
939 2057 975 2124 et
1000 2050 1098 2124 facili
1123 2050 1290 2126 Micionis
1317 2051 1415 2125 senis
1441 2051 1664 2126 discesseris.
1718 2052 1820 2128 Sient
1844 2055 1955 2151 igitur

330 2173 469 2248 cantica
502 2171 621 2245 omnia
654 2170 797 2243 minime
824 2171 952 2264 jocosa
981 2177 1075 2260 sunt,
1103 2170 1158 2243 sic
1184 2170 1290 2244 etiam
1317 2172 1521 2268 ceteroquin
1545 2173 1654 2247 tibias
1679 2174 1717 2247 in
1743 2197 1860 2249 rerum
1885 2183 1955 2249 tur·

330 2293 414 2367 bido
449 2299 545 2366 statu
579 2312 711 2386 gram
746 2312 854 2364 sonos
889 2288 1046 2364 edidisse
1081 2297 1357 2365 consentaneum
1387 2292 1537 2366 videtur
1591 2292 1641 2367 At
1667 2291 1841 2368 Sarranus
1868 2317 1955 2368 cave

329 2421 449 2487 amen
474 2418 579 2506 putes
604 2410 707 2483 triste
733 2417 770 2483 et
794 2408 947 2504 lugubre
972 2409 1108 2505 aliqvid
1134 2432 1275 2506 semper
1300 2411 1478 2487 sonuisse.
1530 2410 1632 2502 Qvas
1650 2413 1697 2488 ad
1716 2414 1956 2487 aestimandas

329 2532 551 2629 praeclarum
588 2530 830 2626 adjumentum
865 2530 969 2603 offert
1002 2529 1201 2604 didascalia
1233 2532 1279 2605 ab
1314 2531 1456 2628 Angelo
1489 2532 1586 2628 Majo
1612 2521 1649 2607 iu
1676 2534 1797 2608 codice
1822 2533 1956 2608 Medio·

331 2653 472 2728 lanensi
506 2659 648 2748 reperta
681 2658 718 2724 et
750 2648 941 2724 Ritschelii
972 2651 1134 2724 acumine
1166 2653 1392 2748 (quamquam
1417 2674 1488 2725 non
1515 2652 1559 2726 de
1585 2652 1751 2726 tibiarum
1777 2653 1893 2748 sonis)
1917 2653 1957 2726 il·

331 2773 483 2847 lustrata
517 2770 632 2847 Stichi
664 2770 863 2859 Plautinae,
891 2793 996 2865 qvam
1022 2771 1239 2845 comoediam
1267 2771 1444 2868 Marcipor
1469 2771 1579 2868 Oppii
1604 2772 1807 2847 modulatus
1834 2781 1890 2847 est
1915 2772 1956 2849 o·-

331 2891 405 2968 otis
431 2888 608 2967 Sarranis
634 2894 754 2966 totam.
807 2890 851 2963 Iu
878 2890 979 2986 cujus
1005 2889 1120 2985 prima
1145 2913 1254 2965 scena
1279 2900 1382 2966 actus
1407 2892 1523 2988 primi,
1551 2893 1589 2966 in
1615 2915 1685 2989 qva
1707 2915 1848 2968 sorores
1868 2893 1956 2968 desi·

331 3013 468 3087 derium
496 3034 597 3085 suum
623 3010 829 3083 maritorum
850 3009 927 3105 jam
953 3010 1143 3083 triennium
1168 3011 1368 3085 absentium
1393 3018 1604 3108 expromunt
1625 3013 1673 3109 (v.
1696 3034 1805 3107 supra
1824 3035 1859 3108 p.
1880 3013 1955 3106 26),

331 3133 546 3229 gramtatem
581 3129 812 3205 Serranorum
848 3129 1013 3225 usurpari
1047 3130 1207 3225 potuisse
1234 3154 1305 3205 non
1331 3140 1387 3205 est
1412 3132 1506 3228 qvod
1531 3139 1614 3228 post
1640 3132 1824 3228 superiora
1848 3133 1959 3206 verba

331 3260 456 3328 nostra
490 3252 758 3325 demonstretur.
814 3247 887 3323 Sed
921 3249 1096 3346 quomodo
1131 3250 1275 3324 eaedem
1300 3251 1410 3325 tibiae
1435 3251 1529 3325 iuter
1554 3273 1677 3325 omnes
1703 3258 1805 3325 actus
1832 3273 1957 3327 sonum

330 3373 480 3447 fundere
515 3393 663 3468 gravem
696 3370 886 3465 potuerint,
921 3368 1096 3464 quomodo
1122 3369 1249 3443 iisdem
1275 3370 1513 3444 certissimum
1538 3371 1715 3445 cauticum
1740 3371 1881 3446 Pinacii
1906 3373 1920 3470 (
1947 3427 1955 3444 .

331 3493 358 3566 f.
386 3492 603 3586 aut-312)
629 3490 801 3579 comitari,
838 3511 907 3585 qvo
939 3489 1091 3584 denique
1116 3490 1221 3565 modo
1246 3491 1284 3564 in
1310 3490 1559 3565 comissatione
1587 3488 1753 3586 Sagarini
1780 3499 1816 3564 et
1843 3489 1957 3566 Stichi

332 3615 415 3707 (act.
444 3619 466 3689 5
494 3634 543 3686 sc.
572 3617 608 3701 4,
638 3613 687 3706 5),
723 3610 786 3684 ubi
820 3631 992 3706 praesens
1026 3609 1160 3683 tibicen
1194 3608 1329 3706 pluries
1354 3617 1655 3700 commemoratur,
1683 3610 1800 3683 locum
1825 3610 1956 3685 hahere

332 3732 483 3822 licuerit,
510 3754 583 3806 non
609 3730 813 3828 percipitur,
841 3729 913 3804 nisi
939 3730 972 3803 si
998 3737 1214 3825 reputemus,
1242 3751 1347 3825 qvam
1373 3730 1463 3804 bene
1490 3730 1623 3803 nostris
1642 3730 1859 3826 temporibus
1879 3753 1957 3826 gra·

332 3851 390 3926 vis
424 3874 545 3941 sonus,
578 3872 683 3947 qvem
715 3849 783 3925 boa
808 3850 950 3924 sveciae
975 3849 1139 3938 dic-imus,
1167 3849 1213 3923 ad
1238 3871 1298 3924 res
1322 3849 1437 3924 laetas
1463 3850 1571 3924 etad
1597 3849 1748 3924 maxime
1774 3850 1955 3942 ridiculas,

333 3973 431 4048 velut
454 3995 546 4068 qvae
572 3971 783 4068 dignitatem
806 3971 1019 4060 affectatm,
1041 3969 1302 4065 gloriationem,
1320 3969 1659 4066 magniloquentiam
1677 3970 1857 4062 exhibent,
1875 3993 1959 4066 qva·

333 4092 422 4168 dret.
474 4093 518 4167 Id
543 4115 630 4167 vero
656 4092 688 4166 si
714 4091 920 4166 reeordatus
946 4090 1010 4180 sis,
1037 4089 1128 4163 nihil
1145 4087 1213 4164 hac
1231 4089 1312 4164 soni
1330 4089 1508 4186 gravitate
1526 4090 1825 4165 accommodatius
1843 4091 1958 4166 fuisse

333 4213 470 4289 dixeris
496 4221 532 4287 et
557 4212 715 4287 incessui
740 4235 784 4286 ac
809 4211 930 4287 verbis
955 4210 1103 4301 Pinacii,
1116 4208 1364 4293 ,laetissimum
1389 4209 1436 4283 oh
1457 4208 1629 4299 nuntium,
1650 4209 1753 4304 cujus
1772 4210 1957 4285 scientiam

334 4333 434 4409 solus
469 4332 506 4406 iu
541 4340 685 4428 pectore
720 4339 834 4428 gerat,
870 4331 1015 4405 immani
1045 4338 1152 4427 atqve
1178 4330 1315 4404 coelum
1341 4329 1569 4425 contingente
1595 4329 1764 4424 superbia
1788 4330 1894 4426 capti,
1922 4338 1958 4406 et

333 4474 484 4549 pompae
509 4451 565 4526 illi
591 4452 869 4527 comissantium.
922 4452 980 4525 Ita
1005 4451 1120 4524 omnis
1141 4448 1334 4524 difficultas
1353 4448 1546 4538 evanescit,
1567 4470 1680 4544 neqve
1700 4448 1768 4523 erit
1784 4471 1848 4523 our
1864 4450 1957 4546 qvis·

335 4594 439 4669 qvam
466 4572 512 4647 ad
539 4573 752 4647 corbariam
777 4572 884 4649 istam
911 4571 1122 4668 opinionem,
1152 4567 1325 4645 Sarrauas
1351 4567 1525 4643 acuminis
1550 4568 1696 4643 levitate
1721 4569 1886 4666 insignes
1906 4571 1958 4646 iu·

334 4694 420 4784 isse,
456 4694 623 4788 refugiat.
677 4691 779 4783 Qvae
810 4692 920 4766 tibiae
951 4691 1035 4788 qvia
1059 4690 1098 4764 iu
1125 4688 1257 4764 Donati
1282 4690 1326 4764 de
1352 4689 1535 4764 comoedia
1560 4689 1848 4765 commentariolo
1874 4690 1957 4765 sini·

336 4812 420 4886 stris
446 4812 688 4909 adjunguntur
713 4834 779 4886 nec
805 4835 889 4886 vero
915 4811 1020 4908 plane
1048 4808 1191 4884 eaedem
1218 4809 1381 4884 dicuntur
1407 4832 1488 4885 esse
1514 4811 1562 4907 (v.
1590 4830 1700 4905 supra
1717 4831 1752 4906 p.
1778 4811 1850 4906 18),
1865 4809 1958 4906 judi·

336 4931 472 5006 caudus
505 4956 584 5007 sum
617 4930 782 5006 Sarranis
809 4953 917 5006 sonos
942 4930 1133 5027 praecipue
1159 4929 1274 5024 magis
1299 4931 1462 5004 minusve
1487 4951 1618 5026 graves
1643 4937 1740 5004 recte
1765 4930 1955 5021 ascribere,

336 5051 401 5125 sed
435 5051 497 5142 ita,
533 5061 572 5127 ut
606 5051 825 5149 copiosiores
859 5059 895 5125 et
926 5051 1145 5126 diversarum
1180 5048 1456 5124 modulationum
1490 5050 1694 5146 capaciores
1720 5073 1835 5149 qvam
1850 5072 1957 5147 pares

336 5172 515 5261 sinistrae,
552 5195 654 5268 qvae,
687 5180 856 5267 quantum
891 5194 911 5246 e
945 5170 1107 5246 Terentii
1139 5169 1273 5244 fabulis
1302 5170 1527 5267 perspicitur,
1554 5172 1697 5247 omuino
1722 5179 1896 5248 maestum
1921 5179 1957 5247 et

1786 5305 1804 5365 6
