4740 6270
408 499 450 562 86
931 495 1153 560 Eounanus
1179 512 1201 560 n
1228 493 1400 561 Bauuda

366 696 502 768 interve
537 691 652 767 lineas
678 698 849 766 annotare
876 687 1000 783 tanes,
1027 698 1063 765 et
1087 691 1238 766 forsitan
1265 691 1354 768 haec
1378 693 1460 791 ipsa
1484 693 1594 769 fuerit
1618 694 1722 791 origo
1747 697 1997 794 corruptionis,

366 836 436 909 qva
462 834 602 902 versus,
630 811 675 886 de
702 834 771 908 qvo
797 811 927 907 agitur,
955 810 1104 886 laborat.
1145 811 1204 886 Ad
1229 811 1324 887 hunc
1344 813 1438 887 enim
1455 813 1621 890 Donatus
1638 813 1707 890 hoc
1724 814 1847 890 habet:
1868 812 1998 909 „litai-

366 931 434 1008 ais.
489 931 641 1028 Legitur
676 938 713 1006 et
746 927 894 1006 lbais“.
946 930 997 1005 Et
1029 939 1171 1007 constat
1204 939 1320 1007 ortum
1351 932 1559 1009 mendorum
1583 933 1623 1008 in
1648 933 1752 1009 libris
1778 943 1937 1012 veterum
1964 943 2001 1011 et

365 1055 402 1126 in
428 1051 545 1148 ipsius
571 1050 734 1126 Terentii
760 1072 1016 1147 saepenumero
1044 1074 1089 1125 ex
1115 1073 1158 1126 eo
1184 1052 1416 1149 repetendum
1443 1075 1535 1145 esse,
1569 1054 1664 1151 qvod
1689 1054 1820 1130 alienis
1846 1054 1999 1152 explica

364 1174 522 1248 tionibus
559 1195 623 1248 eae
658 1193 777 1261 voces,
805 1193 894 1266 qvas
921 1170 1006 1245 illae
1032 1171 1078 1246 ad
1104 1171 1390 1268 interpretandas
1417 1171 1616 1248 destinatae
1642 1182 1754 1266 erant,
1782 1174 1899 1250 locum
1925 1197 2000 1251 ces

279 1355 285 1367 .
364 1302 500 1369 serunt.
554 1290 651 1391 Ejus
677 1313 773 1381 vero,
800 1298 841 1364 ut
866 1290 913 1365 ad
938 1290 1032 1366 hanc
1056 1292 1206 1367 formam
1232 1292 1387 1382 redeam,
1415 1292 1549 1389 pariter
1570 1300 1677 1391 atqve
1697 1292 1807 1393 bajus
1826 1302 1862 1369 et
1881 1293 2000 1393 cujas,

366 1412 654 1513 monosyllabum
688 1412 727 1486 in
760 1411 935 1501 Terentii,
972 1412 1065 1487 sicut
1098 1412 1137 1486 in
1167 1411 1298 1503 Plauti,
1331 1411 1464 1487 fabulis
1491 1435 1662 1512 perquam
1687 1414 1893 1511 frequenter
1918 1436 2001 1489 esse

365 1558 436 1609 non
469 1556 559 1630 opus
591 1540 648 1607 est
674 1531 859 1628 exemplis,
888 1532 924 1604 in
950 1531 1138 1606 notissima
1164 1554 1213 1622 re,
1242 1533 1404 1629 probare.
1459 1531 1663 1624 Quaenam
1688 1534 1740 1608 ita
1766 1535 1850 1624 sint,
1879 1533 2000 1609 uerisi-

365 1655 552 1730 1nillimum
579 1674 660 1728 esse
687 1659 774 1748 puto
800 1658 941 1749 poetam
968 1651 1176 1749 scripsisse:

519 1821 597 1900 Sed
618 1820 884 1899 Parmenonem
911 1832 996 1898 ante
1021 1821 1150 1899 aetiam
1177 1844 1198 1896 e
1196 1797 1285 1920 jis
1314 1824 1483 1899 astare
1508 1823 1647 1899 tristem
1672 1821 1784 1899 aiaeo.

1139 2148 1223 2226 VII.

1008 2304 1179 2405 Hecyr.
1208 2329 1242 2380 v.
1274 2311 1357 2384 163.

467 2483 643 2556 Parmeno
669 2480 776 2575 hujus
802 2478 944 2553 fabulae
972 2477 1144 2553 Philotidi
1171 2486 1207 2552 et
1234 2476 1351 2576 Syrae
1376 2486 1498 2552 narrat
1524 2477 1568 2552 de
1594 2476 1773 2574 Pamphili
1795 2477 1873 2552 beri
1892 2478 2000 2552 mino

366 2605 416 2676 ris
452 2601 560 2676 rebus
592 2599 770 2689 sollicitis,
808 2598 879 2695 qvi,
907 2621 988 2672 cum
1013 2597 1052 2671 in
1078 2597 1196 2673 medio
1222 2620 1343 2672 amore
1369 2597 1563 2673 Bacchidis
1588 2605 1802 2687 versaretur,
1829 2597 2000 2673 invitissi-

365 2746 445 2797 mus
480 2727 632 2818 cogente
667 2726 770 2816 patre
805 2717 1052 2793 Philumenam
1085 2740 1231 2792 uxorem
1258 2717 1434 2792 duxisset:
1463 2717 1590 2793 diebus
1615 2716 1779 2813 pauculis
1806 2725 1889 2814 post
1915 2740 2000 2813 nup·

364 2845 434 2916 tias
461 2843 630 2937 Juvenem
662 2839 877 2914 Parmenoni
904 2839 1040 2913 dixisse
1067 2838 1238 2912 intactam
1265 2838 1442 2934 virginem
1469 2861 1582 2935 usque
1608 2837 1654 2912 ad
1680 2837 1717 2912 id
1743 2845 1885 2935 tempus
1911 2863 1934 2912 a
1960 2863 2000 2914 se

365 2963 526 3038 relictam
561 2982 644 3035 esse
679 2981 824 3035 uxorem
859 2958 930 3032 sibi
960 2959 1141 3033 obtrusum
1173 2965 1210 3033 et
1236 2981 1279 3033 eo
1305 2981 1345 3033 se
1371 2959 1530 3051 tendere,
1558 2967 1598 3034 ut
1622 2960 1704 3056 ipsa
1728 2958 1882 3047 tandem,
1910 2959 2000 3034 satis

365 3083 547 3157 intellecto
582 3104 623 3155 se
657 3103 737 3156 oum
771 3079 839 3155 hoo
874 3079 1001 3153 marito
1036 3102 1108 3153 non
1142 3100 1251 3175 posse
1277 3078 1411 3169 vivere,
1438 3080 1625 3155 consilium
1652 3089 1797 3176 caperet
1822 3081 1860 3153 in
1885 3078 2000 3174 patris

365 3206 507 3277 domum
533 3200 662 3276 redire.
715 3200 809 3274 Tum
834 3199 886 3274 ita
912 3220 1029 3274 sermo
1055 3198 1296 3274 continuatur:

416 3390 494 3465 PH.
546 3386 664 3480 Quia?
692 3389 835 3465 inte'rea
861 3385 983 3463 ibatne
1009 3385 1061 3463 aa
1084 3383 1337 3463 Bacchidem?
1374 3387 1452 3463 ΡΑ.
1498 3384 1655 3466 Cotidie:

544 3507 623 3587 Sed
645 3512 688 3584 at
708 3507 763 3606 fit,
781 3513 973 3610 postquam
1000 3504 1096 3582 anne
1121 3506 1279 3582 alienam
1306 3505 1354 3583 ab
1379 3510 1464 3584 resa
1489 3504 1598 3600 uidet,

543 3626 710 3728 Metapan
736 3633 774 3704 et
796 3628 905 3704 multo
931 3625 1051 3724 napis
1071 3648 1219 3727 procax
1240 3627 1347 3722 facta
1372 3625 1500 3704 tlieort.

417 3750 494 3825 ΡΗ.
542 3746 625 3825 Non
653 3744 789 3848 edepol
810 3745 948 3821 miram.
990 3745 1066 3821 ΡΑ.
1109 3742 1223 3844 attane
1249 3749 1297 3823 aa
1321 3769 1384 3824 res
1408 3747 1520 3824 malta
1545 3750 1715 3823 maxume

543 3864 718 3943 Diianait
742 3865 841 3941 illam
868 3863 915 3942 ab
941 3864 1017 3957 illa,
1035 3869 1228 3965 postquam
1255 3872 1293 3942 et
1315 3872 1393 3969 aare
1416 3885 1460 3944 se

542 3986 594 4063 Et
616 3987 714 4063 tilam
741 3992 778 4061 et
800 3982 895 4060 iane
921 4007 1012 4084 qaae
1038 3982 1138 4061 dana
1163 3994 1245 4062 erat
1268 3993 1434 4086 coenavit
1455 3987 1548 4063 snas

543 4104 638 4204 [Aa
661 4105 900 4206 exemplam
928 4102 1148 4181 ambarum
1173 4128 1313 4183 mores
1339 4128 1484 4184 aarum
1511 4106 1813 4200 existimanus.

544 4224 660 4318 Haec,
688 4232 738 4301 tta
763 4224 817 4301 nti
842 4222 992 4302 liberali
1017 4245 1099 4300 esse
1124 4223 1272 4323 inpenia
1298 4224 1414 4319 decet,

544 4344 693 4423 Padano
718 4343 894 4436 modesta,
921 4341 1149 4421 ineammoan
1174 4352 1280 4445 atqve
1306 4346 1464 4446 injariar

550 4465 630 4544 Viri
656 4464 772 4544 amnis
792 4465 900 4563 serre
927 4469 965 4540 et
988 4468 1113 4562 tepere
1139 4466 1385 4543 contumatiae.

542 4584 618 4662 Hie
644 4584 787 4661 animas
807 4583 943 4684 partim
971 4582 1101 4659 amaris
1126 4583 1382 4662 miserieardin

544 4703 750 4798 Dentnctm,
771 4703 908 4805 partim
935 4709 1046 4779 uictas
1071 4700 1182 4802 bap’m
1209 4704 1358 4805 insaniis

542 4823 728 4903 Paulatim
755 4825 919 4925 elapsast
941 4819 1128 4900 Bacchidi
1154 4830 1259 4924 etque
1284 4822 1355 4901 iao
1381 4826 1565 4902 adnotata

541 4946 722 5038 amarem,
739 4950 931 5046 postquam
949 4951 1024 5045 par
1051 4942 1233 5041 inpeninm
1259 4953 1385 5021 nactas
1410 4953 1474 5021 est.

363 5139 529 5230 Versum,
566 5138 611 5213 de
638 5161 707 5235 qvo
734 5134 948 5234 quaerimus,
976 5158 1081 5233 qvem
1107 5134 1145 5208 in
1171 5134 1337 5209 omnibus
1363 5133 1466 5209 codd.
1493 5134 1545 5208 ita
1571 5134 1745 5231 scriptum
1770 5157 1852 5210 esse
1878 5133 1999 5208 dicunt
