4726 6270
348 587 349 591 Ἴ
407 513 450 578 40
945 511 1168 577 Enonnnus
1193 527 1216 576 n
1240 511 1413 578 Banasa

469 706 617 785 Homini
641 708 775 784 misero
792 708 883 808 plats
908 707 1124 806 quinpontos
1149 706 1318 809 colophos
1344 709 1495 809 infregit
1516 708 1615 786 miti.

474 817 528 923 db
554 844 752 941 molosooto
777 841 869 920 hoec
894 843 1067 920 tommdem
1093 848 1245 946 emptam
1265 845 1427 945 postulat
1447 844 1522 924 sibi
1547 845 1701 923 trddier.

476 962 608 1084 Verum
634 964 728 1039 emim
754 962 900 1063 quoodo
927 962 1021 1040 bimo
1041 964 1256 1064 promeruit,
1279 965 1369 1061 slot:
1395 988 1496 1043 suom
1524 967 1581 1042 ius
1600 967 1770 1067 postulat.

468 1087 544 1184 Apo
570 1085 642 1161 iom
669 1083 788 1184 capio,
814 1082 916 1160 modo
943 1083 978 1159 ci
1004 1089 1191 1182 arpentum
1216 1084 1361 1162 reddor.
1388 1085 1459 1162 sed
1482 1109 1549 1185 epo
1575 1085 1645 1163 too
1669 1085 1854 1165 hariolor:

475 1193 544 1300 Vbi
568 1246 625 1297 me
651 1219 778 1296 diemo
805 1218 897 1296 dore
923 1220 1024 1311 tamti,
1053 1221 1156 1296 testis
1177 1221 1298 1316 societ
1320 1222 1418 1316 ilico,

476 1339 693 1469 Vendidisse
717 1342 788 1432 me,
815 1337 862 1415 de
887 1342 1040 1437 argento
1065 1340 1254 1415 sommium:
1281 1364 1409 1435 „moes
1436 1345 1523 1419 oro'o
1547 1341 1667 1418 redi‘A

467 1476 522 1554 Id
544 1499 688 1577 quoquo
703 1499 857 1578 possum
878 1477 1000 1571 serre,
1025 1474 1131 1554 modo
1154 1477 1190 1552 si
1214 1476 1360 1572 re'ddot,
1388 1502 1602 1578 quemquam
1628 1479 1844 1556 imittriamst.

475 1596 606 1673 Vo'ram
633 1595 752 1694 eopito
778 1593 819 1670 td
842 1593 943 1694 qaod
964 1618 1026 1671 res
1052 1601 1123 1670 ost:
1151 1595 1297 1694 quoodo
1324 1621 1404 1674 eum
1430 1605 1617 1697 quaestam
1641 1599 1842 1700 occeperis,

469 1701 693 1818 Accipienda
719 1719 757 1790 et
778 1714 1005 1792 mersitondo
1031 1715 1168 1791 iaidrio
1194 1714 1523 1794 adolescentiumst.

469 1835 549 1914 Sao
571 1859 674 1913 memo
701 1834 816 1912 oaoo:
837 1836 984 1931 fraetro
1011 1841 1152 1934 epomet
1174 1840 1312 1912 mecam
1333 1839 1402 1915 too
1426 1838 1590 1915 rotioao'r
1608 1843 1715 1940 puto.

364 2031 449 2107 Jam
484 2027 657 2103 Aeschini
690 2027 878 2116 canticum,
915 2027 1009 2121 qvod
1043 2026 1128 2100 item
1162 2026 1302 2121 largam
1336 2026 1476 2121 copiam
1507 2048 1624 2099 rerum
1650 2032 1748 2099 motu
1774 2027 1934 2121 corporis
1960 2033 1996 2100 et

365 2156 472 2247 gestu
507 2147 811 2244 depingendamm
846 2146 954 2236 dedit,
991 2147 1024 2219 si
1057 2168 1130 2220 non
1164 2153 1220 2220 est
1249 2147 1436 2236 canticum,
1464 2145 1600 2219 nullum
1627 2145 1896 2241 circumspicias
1921 2154 1997 2221 tota

365 2271 433 2345 hac
466 2269 599 2343 fabula.
652 2268 777 2361 Neqve
813 2266 1052 2361 adjiciendum
1084 2267 1276 2362 qvidqvam
1301 2266 1442 2340 videtur
1468 2266 1512 2339 de
1540 2288 1592 2355 eo,
1620 2265 1715 2360 qvod
1742 2273 1798 2340 est
1823 2265 1995 2362 Clitipho-

364 2511 420 2586 sic
446 2510 579 2584 sentio:
607 2509 698 2582 bene
723 2507 761 2580 id
788 2505 930 2602 qvidem
956 2506 1173 2601 cogitatione
1199 2506 1289 2602 fingi
1315 2529 1423 2602 posse
1449 2506 1496 2579 ad
1520 2505 1629 2580 tibias
1655 2507 1700 2580 ah
1722 2505 1895 2581 histrione
1918 2529 1995 2603 pro·

365 2630 574 2718 nuntiatum,
611 2628 676 2702 sed
711 2616 817 2701 etiam
851 2627 921 2699 arti
955 2627 1227 2722 pantomimicae
1261 2626 1438 2716 idoneum,
1474 2634 1511 2701 et
1542 2626 1685 2701 omnino
1716 2626 1754 2700 in
1781 2626 1993 2722 soliloqviis,

364 2772 456 2846 qvae
481 2749 533 2822 ita
559 2771 599 2822 se
624 2747 789 2834 habeant,
819 2746 863 2821 de
889 2747 1029 2820 cantico
1055 2746 1174 2842 potius
1200 2770 1306 2842 qvam
1332 2748 1376 2822 de
1401 2748 1514 2821 altero
1541 2770 1674 2843 genere
1698 2747 1927 2843 cogitandum
1946 2747 1995 2820 vi·

365 2871 452 2961 deri,
487 2869 560 2943 nisi
591 2869 623 2942 si
648 2869 738 2942 haec
764 2867 877 2941 altera
903 2867 1093 2963 explicatio
1120 2868 1228 2941 certis
1255 2868 1467 2963 qvibusdam
1493 2867 1692 2943 rationibus
1718 2867 1993 2942 commendetur.

370 3034 410 3045 -
450 2988 523 3065 Sed
549 3011 631 3063 esse
658 2989 764 3062 etiam
792 2995 892 3061 extra
918 2988 1048 3061 cantici
1073 2987 1165 3061 fines
1190 2988 1392 3062 istiusmodi
1419 2988 1579 3062 diverbia
1604 2988 1689 3062 huic
1716 2988 1920 3063 comoediae
1945 2988 1995 3061 in·

363 3119 463 3184 texta
496 3110 598 3184 locus
630 3108 691 3182 ille
723 3108 955 3204 praelationis
981 3108 1028 3181 ad
1054 3108 1268 3182 credendum
1293 3109 1400 3183 facile
1426 3109 1582 3183 adducit.
1636 3107 1768 3199 Qvalia
1792 3110 1831 3183 in
1856 3109 1995 3183 univer·

364 3253 442 3305 sum
477 3230 573 3326 apud
607 3229 815 3303 Terentium
849 3229 1039 3324 praecipue
1066 3229 1103 3301 in
1128 3228 1304 3324 principio
1330 3238 1483 3318 actuum,
1511 3237 1593 3325 post
1614 3229 1691 3325 jam
1717 3236 1800 3303 ante
1826 3229 1995 3303 emissam

364 3373 487 3426 vocem
522 3351 699 3439 tibiarum,
735 3349 895 3423 adhibita
929 3349 1086 3444 putanda
1118 3348 1200 3421 sint.
1254 3348 1299 3421 In
1324 3347 1501 3444 Adelphis
1528 3371 1613 3423 vero
1639 3349 1707 3423 hos
1733 3355 1869 3423 tantum
1895 3348 1994 3423 locos

364 3494 408 3544 ex
435 3472 639 3567 conjectura
664 3470 842 3543 indicatos
866 3468 1045 3543 volumus:
1073 3468 1181 3542 breve
1203 3475 1239 3541 et
1258 3467 1450 3542 sollicitum
1470 3467 1686 3563 colloquium
1704 3468 1743 3542 in
1763 3475 1833 3542 act.
1853 3472 1875 3544 3
1895 3491 1992 3542 scen.

367 3598 399 3679 l,
427 3614 519 3687 qvae
546 3614 655 3665 scena
680 3589 857 3664 canticum
884 3587 1000 3663 Getae
1026 3587 1205 3662 antecedit
1230 3596 1337 3683 atqve
1363 3588 1468 3661 metri
1492 3611 1626 3683 genere
1652 3611 1733 3662 cum
1753 3610 1795 3662 eo
1816 3588 1992 3683 congruit,

363 3718 399 3785 et
425 3710 658 3806 Ctesiphonis
686 3707 841 3807 Syriqve
868 3715 1055 3804 protervas
1080 3707 1242 3803 argutias
1268 3708 1307 3781 in
1332 3716 1401 3781 act.
1430 3715 1453 3784 4
1481 3731 1531 3782 sc.
1564 3713 1595 3783 1.

464 3829 698 3925 Argumenta,
727 3828 771 3902 de
798 3828 927 3924 qvihus
953 3827 1210 3917 admonuimus,
1238 3829 1393 3923 qvinqvc
1420 3829 1639 3903 canticorum
1666 3851 1745 3902 eam
1763 3828 1897 3902 habent
1916 3850 1993 3922 „se-

363 3950 453 4023 riam
486 3950 725 4045 gravitatcm“
752 3949 838 4046 (vid.
866 3971 902 4044 p.
932 3948 1006 4042 31),
1034 3954 1073 4021 ut
1098 3970 1179 4021 cum
1204 3946 1251 4021 iis
1277 3970 1349 4022 vox
1373 3949 1530 4023 musicae
1557 3949 1691 4043 gravis,
1720 3971 1811 4044 qvae
1838 3949 1993 4040 „seriam

363 4070 567 4144 comoediae
601 4069 816 4143 dictionem“
851 4067 1019 4141 comitata
1050 4089 1132 4140 esse
1163 4067 1315 4142 traditur
1341 4069 1427 4166 (vid.
1455 4092 1490 4164 p.
1520 4069 1569 4164 6),
1598 4067 1663 4143 scd
1688 4068 1786 4142 tibiis
1814 4066 1991 4156 Sarranis,

362 4210 454 4285 qvae
487 4188 526 4262 in
561 4188 726 4262 omnibns
762 4186 980 4261 didascalice
1015 4186 1189 4282 exemplis
1214 4188 1298 4261 huic
1325 4189 1528 4262 comoediae
1555 4187 1768 4278 tribuuntur,
1795 4189 1908 4263 fuisse
1935 4187 1993 4261 vel

362 4317 508 4406 propter
541 4308 649 4403 hujus
683 4309 826 4382 fabulae
862 4307 1034 4381 rationem
1070 4329 1150 4380 cum
1184 4307 1317 4382 indicio
1343 4308 1406 4382 illo
1433 4308 1478 4382 de
1504 4308 1673 4382 tibiarum
1698 4308 1823 4403 gravis
1849 4309 1930 4382 soni
1955 4309 1994 4381 in

362 4429 556 4504 comoediis
591 4451 659 4502 usu
694 4436 933 4524 comparatam
968 4427 1127 4523 putanda
1156 4428 1233 4522 jam
1267 4451 1361 4502 nunc
1395 4428 1546 4517 videtur,
1582 4428 1726 4504 omnino
1761 4427 1991 4502 concinuerit.

361 4549 487 4643 Neqve
522 4549 626 4623 aliter
656 4549 812 4644 judicari
848 4548 953 4622 debet
989 4547 1032 4622 dc
1064 4555 1170 4621 cantu
1195 4548 1361 4622 tibiarum
1388 4556 1470 4623 ante
1497 4570 1609 4622 novos
1636 4558 1738 4623 actus
1764 4549 1896 4622 audito.
1949 4548 1993 4621 In

360 4669 467 4764 primi
500 4669 619 4764 priore
654 4692 763 4742 scena
796 4668 905 4743 Micio
940 4667 984 4741 de
1015 4666 1089 4742 filio
1116 4667 1285 4763 adoptivo
1312 4669 1454 4741 domum
1480 4669 1636 4744 nondum
1662 4695 1685 4744 a
1710 4692 1821 4744 coena
1847 4691 1992 4743 reverso

360 4787 550 4863 admodum
585 4788 762 4862 sollicitus
799 4795 854 4862 est
889 4796 924 4862 et
958 4810 1025 4861 sua
1059 4810 1101 4860 ac
1126 4788 1249 4863 fratris
1276 4788 1314 4861 in
1340 4787 1426 4863 filiis
1453 4789 1647 4864 educandis
1671 4789 1823 4864 consilia
1850 4788 1993 4864 diversa

361 4916 514 4999 enarrat,
551 4907 645 5003 qvod
678 4908 773 4982 idem
806 4916 1053 5002 argumentum
1080 4908 1125 4981 ab
1153 4930 1195 4981 eo
1221 4907 1259 4981 in
1285 4907 1398 4982 altera
1424 4932 1532 4985 scena
1557 4933 1637 4983 oum
1662 4909 1856 4983 altercante
1882 4910 1992 4982 fratre

361 5028 498 5104 Demea
522 5035 706 5102 tractatur.
758 5027 802 5102 In
830 5028 985 5103 secundo
1011 5036 1094 5102 actu
1120 5026 1346 5102 continentur
1372 5028 1474 5104 initio
1497 5028 1700 5118 Sannionis,
1723 5030 1864 5124 ecujus
1884 5029 1991 5103 domi-

362 5148 445 5222 cilio
479 5159 564 5223 tunc
597 5149 715 5243 ipsum
750 5147 900 5244 psaltria
934 5149 970 5222 vi
1004 5147 1158 5222 abducta
1192 5154 1257 5238 est,
1287 5147 1461 5223 clamores
1487 5150 1593 5224 fidem
1620 5148 1844 5244 popularium
1870 5148 1992 5244 implo
