4726 6270
409 513 451 576 14
945 509 1166 575 1111111111
1191 528 1214 574 1
1240 510 1414 576 Bausta

367 709 578 800 stimabitnr,
606 709 667 803 qvi
693 707 783 781 bace
808 714 931 782 nostra
956 707 1084 782 lectari
1102 714 1195 798 sunt,
1213 709 1396 799 facillime,
1415 716 1456 782 ut
1472 728 1668 804 speramus,
1689 709 1886 785 concedent
1900 719 1997 785 reete

366 851 432 903 nos
457 830 600 918 fecisse,
637 828 670 901 si
696 828 741 901 ad
769 829 875 902 tibias
901 827 940 901 in
964 827 1159 902 comoediis
1185 828 1347 903 Terentii
1373 827 1621 923 dijudicandas
1647 828 1755 903 etiam
1780 838 1921 904 actuum
1947 831 1997 904 in·

366 950 518 1025 tervalla
545 949 737 1043 diligenter
763 949 1025 1044 respexerimus
1052 956 1098 1038 et,
1126 948 1211 1044 qvid
1238 949 1347 1023 tibiae
1373 948 1431 1023 his
1457 949 1547 1023 loeis
1573 948 1779 1039 cecinerint,
1800 973 1820 1024 e
1838 952 1998 1047 proxime

365 1069 589 1165 antegressis
616 1069 894 1164 sequentibusve
920 1091 985 1143 seu
1012 1068 1185 1142 diverbiis
1211 1091 1276 1144 seu
1296 1069 1457 1158 canticis,
1479 1091 1569 1164 qvae
1589 1069 1675 1163 qvin
1692 1068 1803 1144 tibiae
1819 1070 1878 1146 111
1896 1073 1999 1166 quasi

365 1191 611 1264 meminissent
647 1188 705 1263 vel
740 1188 1041 1284 praenuntiarent,
1078 1210 1149 1262 non
1184 1189 1340 1283 potuerit
1371 1187 1461 1277 fieri,
1488 1188 1806 1263 aestimaverimus.
1861 1188 1935 1265 Sed
1960 1200 2000 1266 ut

364 1311 537 1398 dicamus,
566 1310 661 1406 qvod
687 1310 871 1399 sentimus,
899 1317 960 1383 aut
986 1309 1085 1382 nulla
1109 1308 1177 1381 luit
1201 1309 1274 1403 ipsi
1299 1308 1428 1382 Plauto
1455 1316 1491 1381 et
1510 1307 1681 1382 Terentio
1700 1308 1899 1405 ceterisque
1917 1332 1998 1406 poe·

364 1431 412 1505 tis
447 1431 648 1504 fabularum
683 1431 720 1503 in
756 1430 912 1525 qvinqve
944 1437 1046 1503 aetus
1077 1452 1163 1502 vera
1189 1427 1330 1517 divisio,
1359 1450 1449 1523 qvae
1475 1427 1522 1501 iis
1549 1427 1682 1503 diserte
1708 1428 1910 1521 ascribitur,
1938 1438 2000 1505 aut

366 1573 438 1623 uon
470 1557 606 1623 tautum
638 1572 748 1623 scena
773 1549 957 1644 paulisper
984 1571 1096 1622 vacua
1122 1549 1256 1632 relicta,
1286 1548 1349 1622 sed
1376 1548 1483 1622 ctiam
1509 1547 1581 1622 alio
1607 1547 1760 1643 qvcdam
1785 1549 1890 1624 modo
1915 1549 1999 1625 finis

365 1677 468 1743 actus
495 1670 776 1764 significabatur,
803 1669 920 1764 idqve,
949 1669 1115 1764 qvoniam
1141 1668 1305 1742 aulaeum
1331 1675 1414 1741 ante
1441 1668 1574 1742 exitum
1599 1667 1742 1743 fabulae
1768 1691 1839 1743 non
1866 1677 1998 1745 motum

365 1812 447 1864 csse
473 1797 624 1880 constat,
651 1789 751 1862 tibiis
777 1789 1071 1862 intercinentibus
1096 1787 1216 1876 fiebat,
1244 1809 1334 1881 qvas
1356 1787 1432 1881 jam
1458 1795 1541 1882 post
1566 1787 1718 1882 primum
1744 1796 1862 1862 actum
1890 1789 1999 1865 Pseu·

366 1909 441 1983 duli
475 1908 614 1984 finitum
649 1909 912 2004 spectatoribus
945 1908 1165 1984 delectandis
1195 1907 1406 1981 inserviisse
1432 1907 1583 1981 Plautus
1609 1907 1828 1983 Pseudulum
1855 1931 1998 1985 servum

365 2038 493 2104 testem
518 2031 613 2103 lecit.

467 2149 615 2225 Grande
641 2150 921 2223 momentum·in
947 2148 1139 2223 comoediis
1165 2147 1405 2221 Romanorum
1430 2147 1587 2221 musicae
1614 2146 1785 2220 tributum
1812 2171 1893 2222 esse
1914 2149 1998 2225 inde

363 2277 472 2365 patet,
511 2269 604 2366 qvod
632 2291 760 2343 nomen
788 2270 878 2363 ejus,
908 2268 969 2363 qvi
994 2268 1119 2341 modos
1144 2269 1289 2357 fecerat,
1318 2291 1398 2342 eum
1423 2267 1591 2342 tibiarum
1616 2290 1749 2362 genere
1774 2268 1812 2344 in
1839 2269 1998 2343 didasca-

363 2391 424 2463 liis
459 2398 619 2464 notatum
655 2398 721 2462 est.
777 2388 850 2462 Sed
882 2389 1023 2463 omnino
1055 2389 1196 2462 11111111
1221 2388 1259 2461 111
1286 2387 1343 2462 bis
1369 2388 1502 2461 fabulis
1528 2410 1600 2461 non
1624 2389 1677 2461 ita
1702 2388 1814 2463 multa
1839 2397 1934 2481 sunt,
1960 2391 1998 2463 in

363 2511 526 2585 Terentii
560 2508 964 2584 Heautontimorumeno
998 2516 1134 2583 tautum
1169 2508 1251 2597 duo,
1286 2509 1324 2580 in
1360 2508 1571 2602 qvibusdam
1605 2507 1726 2581 Plauti
1760 2509 1906 2604 singula
1937 2519 1998 2584 aut

364 2629 463 2702 nulla
477 2631 523 2719 *),
553 2651 701 2723 eamqve
728 2629 773 2701 ob
800 2650 876 2700 rem
901 2628 939 2701 in
966 2629 1208 2724 quaestionem
1235 2628 1357 2701 venire
1385 2628 1500 2717 debet,
1528 2650 1612 2701 num
1638 2628 1731 2701 forte
1756 2629 1876 2718 tibiae,
1899 2652 1999 2725 prac-

364 2756 524 2843 terqvam
552 2748 646 2843 qvod
673 2748 767 2819 inter
793 2755 894 2821 aetus
920 2748 1049 2822 breves
1075 2771 1141 2845 per
1165 2748 1275 2822 breve
1301 2755 1442 2843 tempus
1462 2748 1656 2838 sonuerint,
1677 2749 1784 2822 etiam
1802 2749 1894 2823 alios
1913 2772 1998 2823 suos

363 2868 463 2942 locos
498 2875 599 2941 extra
634 2867 774 2941 cantica
805 2866 1005 2956 habuerint,
1032 2869 1071 2941 id
1097 2876 1153 2941 cst
1178 2869 1214 2942 in
1242 2868 1429 2957 diverbiis;
1458 2869 1601 2942 tametsi
1627 2891 1776 2963 pravum
1803 2877 1900 2944 esset
1925 2892 1998 2943 cre·

363 2987 448 3062 dere
484 3009 546 3060 eas
580 3010 646 3082 per
681 2994 776 3059 totas
812 2987 942 3083 ubiqve
974 2988 1175 3061 comoedias
1202 2996 1264 3061 ant
1289 3011 1355 3083 per
1380 2988 1550 3082 maj0rem
1575 2988 1700 3062 harum
1725 2996 1864 3083 partem
1889 3011 1998 3063 sonos

364 3107 532 3181 edidisse.
588 3104 689 3196 Qvae
725 3106 757 3179 si
791 3107 899 3180 etiam
931 3107 1103 3180 diverbiis
1129 3109 1341 3202 quibusdam
1368 3109 1556 3182 comitatae
1583 3117 1676 3198 sunt,
1705 3132 1776 3183 ucn
1801 3109 1883 3183 ideo
1908 3110 1998 3183 haec

364 3227 524 3300 diverbia
559 3249 643 3300 vere
679 3234 823 3300 cantata
857 3235 984 3323 putare
1015 3250 1162 3302 necesse
1189 3236 1254 3316 cst,
1283 3251 1397 3322 neqve
1425 3230 1565 3303 cantica
1590 3229 1732 3302 nomine
1758 3230 1851 3303 falso
1878 3231 1997 3325 appel·

361 3347 471 3421 lauda
497 3355 590 3437 sunt,
619 3347 683 3420 sed
710 3347 937 3436 modulatius,
966 3370 1070 3442 qvam
1097 3354 1216 3420 cetera
1242 3348 1412 3439 diverbia,
1441 3349 1671 3444 pronuntiata
1694 3349 1836 3437 luerint,
1865 3351 1997 3423 comiti·

362 3468 429 3540 bus
455 3468 571 3558 lactis,
600 3468 659 3541 vel
684 3469 868 3562 perpetuis
895 3468 955 3542 vel
982 3491 1027 3541 ex
1052 3467 1242 3540 intervallo
1265 3469 1505 3560 redeuntibus,
1529 3469 1641 3558 tibiis,
1662 3469 1766 3563 qvale
1785 3491 1900 3564 genus
1918 3483 2008 3567 pro*

362 3587 596 3663 nuntiationis
623 3587 840 3662 recentiores
866 3587 1088 3663 reailalicarn
1116 3587 1398 3662 nominaverunt.
1454 3589 1580 3685 Neque
1605 3589 1811 3684 perspicere
1836 3613 1995 3686 possum,

363 3706 488 3805 qvnles
513 3704 737 3806 rlapllamiaas
762 3704 1028 3783 modulationes
1055 3707 1254 3796 verborum,
1283 3731 1373 3804 qvas
1393 3707 1524 3784 maslai
1542 3709 1828 3804 temperaverint,
1847 3709 1917 3784 nisi
1936 3711 1996 3786 hu·

357 3825 568 3922 juseemodi,
596 3827 732 3900 Marius
759 3827 969 3902 Victorinus
997 3827 1150 3923 quodam
1175 3827 1254 3902 loco
1277 3851 1299 3901 a
1321 3827 1451 3928 lyricis
1469 3827 1698 3904 cantionibus
1715 3829 1994 3926 distinguatffl.

362 4035 444 4095 diam
464 4037 509 4095 sic
526 4037 671 4110 1111111,
695 4043 728 4095 at
749 4037 780 4094 in
803 4051 840 4094 ea
861 4050 922 4094 non
943 4036 1031 4095 modo
1054 4051 1116 4094 nan
1137 4036 1301 4094 inducatur
1323 4037 1441 4102 abana,
1464 4038 1519 4096 sed
1539 4053 1577 4096 ne
1597 4037 1680 4095 locas
1703 4038 1816 4109 andem
1837 4039 1914 4096 altas
1925 4037 1996 4110 jam

360 4139 546 4211 relinquatur
574 4139 676 4198 altaro.
720 4140 797 4198 Nam
821 4146 977 4213 postquam
1007 4140 1100 4198 otioso
1130 4144 1260 4211 ternpore
1284 4138 1475 4210 fastidiosior
1501 4146 1653 4214 mactator
1675 4139 1804 4213 effaetas.
1829 4147 1908 4205 tanc,
1930 4155 1996 4198 curn

361 4242 406 4302 ad
432 4248 573 4302 cantares
602 4240 640 4301 ab
670 4240 823 4301 actarrbra
845 4239 955 4314 sabula
985 4239 1142 4305 transibat.
1174 4255 1357 4315 consaraere
1385 4248 1413 4301 el
1435 4240 1521 4302 abire
1542 4243 1693 4316 11111111,
1718 4244 1872 4303 admonuit
1888 4249 1996 4318 poetas

354 4346 456 4418 ammo
479 4345 593 4418 quidem
615 4345 724 4428 adoras
737 4345 988 4419 praetermittere,
1012 4346 1107 4405 locam
1130 4345 1172 4404 cis
1193 4345 1398 4417 relinquentes,
1419 4351 1453 4403 ul
1472 4344 1642 4404 1111111111
1660 4346 1745 4418 fecit,
1763 4346 1823 4405 bac
1838 4346 1876 4404 11
1889 4360 1994 4418 caasa,

360 4462 430 4513 non,
453 4454 487 4506 at
508 4448 562 4506 alii
583 4447 762 4512 1111111111,
787 4448 858 4507 alia.

463 4549 494 4626 l)
525 4548 649 4626 Singula
677 4549 707 4608 in
737 4548 836 4611 Sticho
866 4554 896 4610 et
925 4550 1028 4616 Persa,
1057 4549 1139 4609 nulla
1167 4549 1197 4607 in
1219 4548 1312 4609 Milite
1334 4548 1473 4624 glorioso,
1497 4548 1632 4625 Epidico,
1655 4550 1797 4616 Poenulo,
1819 4548 1995 4610 Curculione

361 4667 427 4711 esse
448 4651 595 4712 videntur.

463 4753 514 4832 **)
538 4756 583 4816 lle
605 4756 823 4830 ortdoarapdia
844 4763 873 4816 at
895 4757 933 4816 dc
954 4757 1078 4816 metrica
1099 4756 1219 4815 ratione
1241 4752 1399 4829 (Scriptor.
1420 4752 1488 4813 Lat.
1511 4754 1554 4814 rei
1569 4761 1652 4814 metr.
1669 4754 1716 4815 ed.
1733 4752 1881 4815 Gaissord.
1896 4773 1925 4831 p.
1943 4759 1993 4821 49,

360 4856 440 4934 apud
468 4856 589 4916 Patseh.
620 4874 648 4931 p.
678 4860 788 4929 2481):
822 4858 905 4918 Inter
932 4858 1076 4918 Metricos
1104 4866 1133 4918 11
1157 4858 1289 4917 Maricas
1308 4865 1434 4932 propter
1459 4860 1559 4933 spatia
1582 4866 1752 4933 temporam.
1775 4873 1850 4931 qaae
1870 4858 1995 4935 syllabis

361 4961 660 5036 comprehendantur,
683 4976 744 5019 non
762 4975 862 5034 parva
884 4961 1026 5020 disraraia
1050 4967 1101 5020 est.
1145 4962 1223 5020 Nara
1245 4959 1354 5020 llasirr'
1375 4977 1435 5021 nan
1458 4977 1558 5023 omnes
1578 4963 1656 5021 inter
1677 4978 1710 5020 se
1731 4963 1837 5035 laneas
1859 4970 1913 5023 cat
1927 4962 1993 5023 bra·

360 5078 408 5124 aas
426 5065 500 5139 pari
521 5078 661 5123 mensura
683 5065 852 5126 consistere.
875 5064 1014 5136 standena
1037 5070 1065 5122 et
1087 5061 1168 5122 brevi
1189 5061 1351 5123 breviorem
1374 5072 1402 5123 at
1423 5066 1515 5139 lonae
1537 5067 1701 5139 lanaiarem
1721 5066 1922 5141 dieantpasse
1935 5068 1993 5140 syl-

358 5164 461 5226 labam
484 5167 569 5240 fieri:
599 5166 718 5226 Metrici
745 5173 851 5232 autern,
870 5173 964 5240 prout
985 5166 1125 5240 11111111
1145 5164 1283 5241 syllabae
1305 5168 1459 5242 lonaitnda
1482 5185 1520 5230 aa
1544 5167 1673 5228 brevitas
1690 5168 1796 5242 111111,
1818 5171 1993 5242 111111111-
