4726 6270
922 559 1118 637 dcccmonca
1144 561 1360 627 Terentianae.
1877 566 1917 628 67

329 760 445 834 modis
471 762 621 836 musicis
647 761 796 856 hujusce
823 759 1037 850 comoediae,
1065 759 1154 834 haec
1180 761 1338 835 luerunt:
1367 757 1502 836 Medos
1519 760 1616 856 fecit
1633 758 1791 836 Flaccus
1815 760 1958 838 Claudi.

337 880 449 957 tibiis
469 879 625 981 paribus
651 885 736 956 tota.
790 879 960 970 (Graeca
986 875 1228 969 Menandre).

431 1002 475 1076 In
500 1002 638 1075 Andria
664 1001 734 1075 duo
761 1000 902 1075 cantica
920 1000 1130 1073 clarissimis
1148 1000 1292 1074 indiciis
1310 1000 1482 1095 perfacile
1500 1009 1753 1097 agnoscuntur,
1773 1026 1840 1077 nec
1856 1003 1962 1100 plura

330 1145 411 1198 esse
446 1129 548 1217 putat
582 1121 763 1210 Wollfius‚
800 1121 992 1215 eademqve
1030 1120 1201 1214 Benfcjus
1233 1143 1372 1216 qvoqve
1399 1129 1435 1195 et
1461 1120 1648 1220 Grysarue
1674 1131 1959 1198 commemorant.

329 1243 463 1317 Eorum
497 1242 609 1338 prius,
645 1250 759 1314 mctro
790 1241 896 1315 valde
922 1241 1022 1313 vario
1048 1239 1201 1314 iambico
1227 1249 1263 1314 et
1288 1243 1469 1317 trochaico
1496 1242 1737 1338 conspicuum,
1765 1243 1857 1339 qvod
1883 1243 1961 1340 agit

329 1362 551 1458 Pamphilae,
574 1361 719 1457 juvenis
746 1361 842 1435 curis
868 1360 1000 1433 amoris
1026 1360 1199 1455 gravibus
1225 1360 1392 1450 afflictus,
1419 1363 1456 1434 in
1484 1385 1524 1436 se
1546 1363 1728 1436 continent
1747 1371 1815 1437 act.
1838 1364 1888 1439 2:i
1908 1386 1958 1438 sc.

329 1489 411 1559 lae
444 1487 498 1575 (ut
529 1490 625 1556 recte
652 1482 829 1578 disposuit
854 1480 1125 1567 Fleckeisenus,
1154 1521 1203 1533 --
1231 1504 1276 1553 ex
1303 1490 1423 1554 vetere
1449 1481 1586 1554 ratione
1612 1488 1680 1555 act.
1713 1483 1761 1558 lzi
1787 1505 1837 1556 ac.
1867 1484 1961 1577 52ac)

328 1625 455 1677 versus
486 1606 607 1678 1-29
635 1603 683 1695 (v.
710 1603 737 1675 f.
766 1603 994 1695 rao-264),
1022 1600 1059 1672 in
1087 1600 1215 1695 qvibus
1243 1608 1299 1673 est
1325 1601 1431 1674 etiam
1459 1601 1656 1675 diverbium
1680 1608 1806 1698 qvater
1826 1603 1961 1676 immix-

328 1731 403 1797 tum
438 1722 596 1821 Mysidis
630 1723 794 1810 ancillae,
830 1743 921 1816 qvae
956 1742 1036 1793 cum
1071 1727 1233 1813 qvartum
1269 1742 1390 1794 secum
1424 1720 1522 1816 loqvi
1557 1721 1675 1816 coepit
1700 1721 1737 1794 io
1762 1723 1961 1817 posteriore

328 1850 431 1939 parte
465 1864 593 1915 versus
629 1847 689 1930 29,
724 1864 832 1937 porro
865 1840 976 1915 verba
1005 1839 1124 1912 facere
1151 1840 1280 1934 pergit,
1309 1839 1423 1913 donec
1449 1847 1531 1935 post
1556 1863 1591 1912 v.
1621 1844 1664 1916 31
1695 1841 1838 1916 tandem
1864 1842 1961 1915 audi·

328 1971 402 2036 tam
438 1970 473 2035 ct
504 1961 620 2035 visam
641 1960 786 2055 juvenis
812 1961 950 2033 affatur.
1006 1959 1063 2032 Dc
1090 1980 1159 2052 qvo
1185 1959 1324 2033 cantico
1351 1958 1440 2033 illud
1465 1959 1678 2047 monendum
1705 1967 1772 2050 est,
1799 1969 1882 2056 post
1908 1984 1961 2035 se·

329 2081 484 2156 cundum
518 2087 554 2155 et
588 2079 730 2154 tertium
765 2079 963 2154 diverbium
998 2077 1122 2151 modos
1155 2079 1272 2173 ipsius
1307 2078 1437 2180 cantici
1469 2079 1623 2154 tortasse
1653 2102 1726 2153 una
1752 2103 1831 2153 cum
1857 2105 1961 2177 argu·

329 2210 449 2276 mento
475 2209 511 2276 et
536 2208 648 2274 metro
674 2207 829 2274 mutatos
856 2222 948 2286 esse,
977 2197 1139 2272 diverbia
1164 2204 1282 2272 autem
1308 2199 1427 2273 omnia
1452 2221 1533 2272 cum
1551 2200 1718 2273 membris
1739 2201 1868 2274 cantici
1888 2210 1961 2274 tam

329 2342 441 2417 prope
477 2343 636 2395 connexa
671 2342 753 2393 esse
788 2319 867 2416 (cfr.
903 2318 1068 2413 inprimis
1103 2340 1137 2390 v.
1178 2323 1249 2411 16),
1281 2327 1320 2393 ut
1346 2319 1454 2392 etiam
1479 2319 1568 2393 haec
1594 2320 1756 2394 diverbia
1781 2320 1827 2393 ad
1852 2321 1961 2395 tibias

330 2440 511 2514 modulata
544 2440 658 2513 fuisse
692 2438 928 2533 intelligatur3
965 2460 1080 2533 neqve
1114 2437 1216 2532 prius
1246 2438 1330 2512 illae
1357 2438 1504 2513 siluisse
1530 2439 1696 2514 videntur
1721 2462 1826 2535 qvam
1852 2440 1899 2513 ad
1925 2464 1958 2512 v.

333 2566 392 2636 32.
447 2559 609 2634 Alterum
643 2557 767 2631 horum
801 2558 1019 2632 canticorum
1032 2557 1079 2653 ³⁸),
1108 2581 1128 2632 e
1154 2559 1320 2633 versibus
1347 2558 1548 2657 dactylicis,
1577 2559 1731 2648 creticis,
1759 2558 1961 2633 bacchiacis

332 2681 551 2776 aliorumque
584 2679 758 2752 varietate
793 2678 1036 2774 compositum,
1073 2676 1167 2773 qvod
1199 2677 1348 2754 Charini
1374 2679 1615 2754 adolescentis
1641 2679 1805 2776 qverclas
1831 2688 1961 2754 amato

331 2802 405 2874 rias
440 2800 518 2873 sine
553 2799 628 2872 ulla
652 2798 923 2872 interlocutione
948 2798 1126 2894 proponit,
1155 2797 1465 2895 comprehenditur
1490 2807 1559 2872 act.
1587 2799 1638 2875 ei
1664 2822 1715 2873 sc.
1748 2804 1825 2874 hae
1852 2801 1962 2873 versi·

331 2921 399 2994 bus
430 2925 550 2995 1-—17
579 2919 627 3014 (v.
654 2919 680 2990 f.
710 2917 936 3013 ene-641).
990 2917 1075 2992 dam
1100 2918 1185 3013 qvia
1209 2918 1299 2993 haec
1325 2921 1428 2994 ambo
1447 2920 1588 2994 cantica
1607 2941 1778 2993 summam
1799 2920 1961 3017 despera·

331 3041 462 3115 tionem
493 3038 612 3129 animi,
645 3037 859 3111 maestitiam
885 3037 1236 3133 indignationemque
1263 3041 1476 3136 exprimunt,
1505 3048 1540 3113 et
1566 3040 1660 3114 modi
1687 3040 1813 3115 musici
1840 3063 1961 3114 eorum

332 3162 377 3235 ab
412 3159 508 3234 omni
541 3158 721 3232 hilaritate
755 3157 865 3253 longe
891 3157 1069 3232 abluerint
1094 3180 1243 3234 neccsse
1270 3168 1337 3250 est,
1364 3160 1498 3235 idcirco
1525 3161 1634 3234 tibiae
1659 3182 1766 3257 pares
1793 3161 1961 3235 sinistrae

331 3280 472 3377 utrique
498 3284 750 3353 convenerunt.
804 3278 937 3353 Verum
965 3278 1056 3351 nulli
1081 3278 1194 3374 igitur
1217 3280 1326 3375 hujus
1351 3280 1494 3355 fabulae
1517 3281 1656 3355 cantico
1677 3305 1782 3377 pares
1802 3283 1959 3374 dextrae,

331 3401 403 3474 nisi
436 3422 605 3473 numerus
637 3398 854 3473 canticorum
881 3398 996 3493 major
1020 3399 1098 3472 tuit.
1152 3397 1254 3488 Quae
1280 3400 1384 3495 plura
1410 3423 1491 3475 esse
1519 3399 1700 3495 significat
1725 3401 1900 3492 Donatus,
1929 3402 1963 3477 si

332 3521 417 3616 qvid
451 3519 620 3594 momenti
655 3520 734 3614 ejus
768 3519 849 3592 voci
881 3519 1060 3609 tribuitur,
1088 3519 1181 3592 hano
1207 3520 1424 3593 comoediam
1452 3519 1649 3613 „diverbiis
1677 3528 1713 3594 et
1738 3522 1888 3596 canticis
1913 3523 1961 3596 lc

330 3640 415 3737 pide
450 3639 679 3715 distinctam“
711 3639 875 3714 dicentis.
929 3639 1048 3735 Atqve
1080 3640 1226 3735 insuper
1252 3663 1359 3713 unum
1386 3639 1494 3735 hujus
1520 3640 1666 3735 generis
1693 3663 1846 3731 carmen,
1875 3641 1961 3715 viri·

332 3761 389 3835 dis
416 3761 608 3835 octonariis
633 3760 797 3834 iambicis
823 3766 1004 3849 constans,
1032 3759 1142 3832 verba
1168 3759 1265 3833 Davi
1290 3760 1420 3834 acriter
1439 3760 1585 3834 incitato
1604 3760 1722 3834 animo
1741 3783 1861 3836 secum
1882 3785 1961 3836 corr·

330 3881 498 3955 sultantis
532 3881 570 3954 iu
605 3888 674 3954 act.
711 3880 762 3956 ni
796 3902 846 3953 sc.
876 3886 957 3955 trac
984 3879 1109 3975 (vulgo
1136 3886 1205 3954 ac't.
1237 3881 1284 3955 lzi
1311 3903 1361 3954 so.
1392 3881 1486 3975 3zae)
1513 3905 1547 3955 v.
1580 3884 1675 3955 1-9
1703 3882 1753 3978 (v,
1779 3882 1805 3954 f.
1835 3888 1961 3959 206-—

331 4001 432 4096 214),
469 4001 717 4076 animadvertit
752 3999 939 4099 Grysarue
975 4003 1024 4096 (p.
1062 3999 1151 4095 369)
1184 4001 1317 4095 etjam
1343 4008 1426 4074 ante
1453 4023 1533 4074 cum
1559 4000 1732 4095 Bcnfcjus
1758 4000 1819 4097 (ad
1844 4002 1961 4077 locum

330 4122 520 4219 Terentii).
571 4121 684 4197 Recte
710 4121 873 4218 agnitum
900 4127 971 4211 est;
1000 4119 1065 4195 sed
1091 4142 1136 4194 ne
1162 4119 1230 4194 hoc
1257 4120 1398 4215 qvidem
1425 4121 1601 4195 canticum
1631 4163 1670 4173 -
1705 4121 1750 4195 de
1776 4143 1846 4217 qvo
1872 4143 1964 4208 com-¹

330 4243 525 4317 menterius
550 4243 700 4317 Donati:
729 4241 825 4336 „Hic
850 4241 973 4315 brevis
1000 4246 1036 4314 et
1061 4239 1198 4314 comica
1223 4239 1432 4315 deliberatio
1456 4248 1522 4330 est,
1543 4263 1675 4335 magua
1695 4242 1962 4338 exspectatione

329 4361 498 4458 populum
524 4384 642 4437 rerum
668 4361 926 4436 imminentium
952 4366 1179 4451 commotura,
1207 4368 1304 4434 metu
1330 4368 1366 4435 et
1392 4382 1478 4435 cura
1502 4361 1701 4435 aestuantis
1727 4362 1823 4435 Davi
1848 4362 1963 4436 conai-

330 4482 512 4557 deratione
537 4482 747 4580 proposita“
774 4528 823 4538 -
851 4503 930 4556 eam
955 4479 1064 4556 habet
1090 4479 1161 4553 vim
1188 4479 1340 4572 ridiculi,
1364 4503 1409 4554 nc
1429 4480 1547 4555 dicam
1565 4504 1643 4555 eam
1663 4480 1889 4571 hilaritatem,
1910 4487 1961 4572 ut,

331 4602 446 4676 solum
479 4625 544 4699 per
579 4625 619 4677 se
654 4607 863 4699 spectatum,
899 4601 1000 4675 tibiis
1033 4599 1169 4675 dextris
1195 4600 1286 4674 satis
1311 4599 1542 4695 respondisse
1568 4600 1754 4674 dicendum
1782 4601 1841 4674 sit.
1894 4600 1963 4677 Est

331 4721 438 4793 etiam
463 4722 619 4812 brevius,
648 4745 732 4796 mox
757 4720 938 4795 transiens
964 4721 1001 4794 in
1028 4742 1227 4795 sermonem
1252 4720 1372 4793 cantui
1398 4720 1541 4794 minime
1567 4727 1699 4818 aptum,
1728 4743 1831 4816 qvem
1857 4721 1962 4818 pede·

331 4839 465 4914 stribus
500 4839 653 4914 senariis
687 4841 813 4915 Davus
850 4863 969 4914 secum
999 4839 1226 4937 perseqvitur
1251 4841 1299 4936 (v.
1329 4841 1557 4936 215-227).
1611 4839 1738 4936 Itaque
1765 4864 1849 4915 vere
1875 4839 1963 4914 mihi

330 4958 455 5032 videor
480 4960 533 5033 sic
559 4960 704 5049 sentire,
732 4959 801 5036 hoc
826 4959 927 5035 brevi
953 4959 1093 5034 cantico
1119 4958 1318 5034 continuari
1344 4960 1440 5035 aliud
1468 4960 1627 5055 ejusdcm
1654 4960 1761 5051 Davi,
1788 4962 1859 5056 qvi,
1882 4983 1962 5036 cum

434 5216 467 5292 *)
489 5217 523 5277 Iu
546 5217 602 5279 hoc
624 5216 772 5298 Gryearue
792 5219 917 5298 triplicia
939 5218 1101 5283 modorum*
1114 5218 1268 5282 canentia
1289 5220 1372 5281 locos
1393 5219 1514 5300 agnovit
1536 5225 1566 5282 ct
1587 5219 1717 5297 signavit
1739 5237 1768 5296 p.
1792 5221 1853 5279 374
1872 5235 1919 5294 sq.
