4726 6270
959 543 1161 622 Qccmtioner
1186 543 1402 611 Terentianae.
1911 545 1950 612 15

362 747 535 845 exemplis
568 751 826 836 removeantur,
858 744 994 819 frustra
1019 742 1298 841 circumspicias.
1330 785 1373 796 -
1402 741 1574 839 Magnum
1599 765 1685 819 vero
1712 751 1748 819 θῖ
1772 743 1912 819 firmum
1938 768 1991 819 ar·

360 875 568 964 gumentum
595 865 791 942 sententiae
818 886 904 939 suae
930 866 999 939 hoc
1024 863 1191 961 proponit
1216 862 1434 956 Boeckhius,
1462 863 1567 961 qvod,
1596 886 1675 938 cum
1702 887 1722 939 e
1747 865 1863 939 modis
1886 864 1992 940 musi·

360 989 415 1064 cis
449 986 645 1084 antiqvitue
677 984 871 1060 numeratis
905 985 1031 1075 tribus,
1058 991 1098 1059 ut
1124 1006 1234 1082 supra
1259 984 1410 1060 relatum
1437 991 1503 1076 est,
1531 984 1761 1061 acutissimus
1786 985 1892 1060 fuerit
1918 985 1991 1084 Ly·

362 1108 454 1199 dins,
490 1106 632 1207 Lydiae
656 1106 777 1197 tibiae,
808 1128 900 1201 qvae
925 1104 1020 1202 apud
1045 1105 1226 1179 Donatum
1252 1111 1288 1178 et
1314 1104 1461 1178 dextrae
1488 1102 1653 1179 dicuntur
1679 1111 1715 1179 et
1740 1127 1883 1200 graves,
1911 1127 1991 1202 gra*

362 1250 427 1303 ves
454 1249 534 1303 esse
559 1248 630 1301 non
656 1225 845 1323 potuerint.
887 1224 967 1315 Qvo
992 1223 1084 1298 nihil
1106 1231 1162 1299 θεῖ
1185 1223 1397 1299 evidentius.
1438 1224 1564 1320 ltaqve
1583 1224 1692 1299 tibiae
1711 1223 1867 1315 dextrae,
1887 1224 1991 1299 modo

362 1346 507 1423 eaedem
531 1354 594 1421 aut
619 1344 780 1441 ejusdcm
806 1345 950 1441 generis
976 1350 1098 1419 essent
1123 1366 1167 1418 ac
1192 1342 1346 1443 Lydiae,
1374 1386 1425 1397 -
1451 1367 1567 1441 neqve
1593 1343 1630 1418 in
1649 1343 1717 1418 hoc
1734 1343 1921 1441 ponendus
1941 1344 1992 1417 vi-

362 1467 465 1542 detur
498 1488 608 1557 error,
646 1465 706 1563 qvi
741 1462 916 1561 qvomodo
949 1463 1044 1538 inter
1077 1463 1211 1538 Donati
1243 1463 1354 1538 verba
1379 1463 1575 1560 irrepserit,
1604 1464 1788 1539 declarare
1811 1464 1992 1561 posteriue

361 1585 593 1676 studebimus,
622 1626 664 1638 -
692 1592 819 1660 acutae
844 1606 995 1658 necesse
1021 1590 1078 1659 est
1102 1584 1245 1659 fuerint.
1300 1581 1511 1675 Salmasius,
1541 1584 1685 1659 dextras
1711 1584 1898 1659 aDonato
1919 1583 1993 1683 Ly·

361 1707 440 1781 dias
474 1704 651 1802 appellari
683 1705 843 1795 miratus,
880 1704 967 1779 illuc
1001 1703 1174 1800 confugit,
1209 1710 1249 1778 ut
1280 1702 1421 1803 Lydiae
1447 1704 1555 1779 tibias
1581 1727 1655 1779 non·
1679 1728 1702 1778 a
1727 1705 1832 1779 modo
1858 1703 1992 1804 Lydio,

360 1825 424 1900 sed
460 1847 525 1922 pro
560 1824 764 1924 Tyrrhenis
797 1824 875 1899 sive
901 1823 1046 1916 Tuscis,
1073 1822 1168 1918 qvod
1193 1823 1340 1898 Etrusci
1365 1846 1457 1920 gens
1483 1823 1606 1924 Lydia
1631 1824 1747 1921 putati
1772 1831 1905 1914 essent,
1935 1847 1994 1899 vo-

360 1952 461 2020 catas
487 1967 569 2019 esse
596 1943 818 2020 contenderit
844 1943 1014 2044 (Plinian.
1042 1943 1188 2018 exercit.
1215 1965 1251 2039 p.
1283 1942 1383 2044 120).
1437 1940 1518 2034 Qva
1544 1943 1793 2040 originatione,
1823 1967 1913 2042 qvae
1935 1967 1994 2018 au·

360 2065 486 2140 xilium
516 2065 619 2161 qvasi
651 2065 813 2140 ultimum
838 2064 974 2139 frustra
999 2086 1171 2159 qvaerere
1197 2062 1337 2139 videtur
1348 2063 1396 2157 '),
1423 2085 1495 2136 non
1520 2064 1638 2159 magis
1665 2063 1852 2162 qvisqvam
1878 2064 1996 2160 aeqvi-

361 2207 484 2260 escere
518 2184 634 2275 debet,
671 2208 776 2281 qvam
811 2207 903 2282 opus
937 2207 1019 2259 eeee
1053 2190 1173 2281 potest
1206 2189 1383 2273 accurate,
1419 2182 1514 2279 qvod
1549 2183 1813 2259 Wilmannsius
1837 2186 1996 2281 postulat

361 2309 410 2402 (p.
440 2305 515 2400 43),
544 2303 788 2381 demonstrare
813 2305 922 2381 tibias
949 2303 1094 2380 dextrae
1120 2303 1180 2378 vel
1206 2301 1346 2402 Lydiae
1372 2301 1525 2377 amodo
1551 2302 1673 2402 Lydio
1699 2327 1828 2379 nomen
1850 2304 1994 2379 habere.

362 2424 511 2501 Vidisse
538 2424 632 2499 enim
659 2424 749 2498 satis
776 2431 832 2499 est
858 2432 1028 2498 nontam
1054 2444 1223 2520 perverse
1249 2422 1349 2520 loqvi
1373 2422 1541 2520 antiqvos
1566 2422 1729 2499 homines
1755 2424 1928 2520 potuisse,
1957 2431 1996 2498 ut

361 2551 486 2619 acutas
512 2545 621 2619 tibias
647 2544 760 2644 Lydii
785 2545 920 2620 moduli
946 2544 1046 2619 sonis
1072 2543 1277 2633 instructas,
1305 2542 1370 2617 sed
1397 2543 1557 2639 graviter
1583 2552 1752 2619 sonantes
1778 2543 1918 2644 Lydiae
1946 2543 1995 2618 di-

361 2665 489 2740 xerint.
542 2666 665 2762 Ipsam
690 2687 776 2739 vero
802 2664 959 2765 Lydiam
985 2664 1109 2739 tibiam
1135 2662 1256 2762 Lydio
1283 2685 1382 2754 sono,
1409 2663 1448 2737 id
1467 2671 1523 2738 est
1542 2686 1679 2739 eummo
1700 2665 1799 2740 vocis
1819 2664 1993 2754 acumine,

361 2786 539 2881 insignem
569 2785 683 2859 fuisse
713 2784 804 2859 nihil
829 2784 973 2882 planius
997 2785 1119 2859 facere
1144 2781 1233 2857 mihi
1259 2782 1410 2874 videtur,
1440 2806 1545 2881 qvam
1571 2784 1676 2880 qvod,
1705 2793 1744 2859 ut
1770 2785 1996 2860 Athenaeum

361 2905 428 2980 IV.
455 2929 490 3001 p.
522 2910 593 2982 185
620 2913 873 2981 memorantem
898 2905 1015 2996 video,
1042 2905 1109 2980 lon
1134 2904 1172 2980 in
1199 2926 1308 2979 versu
1333 2903 1496 3000 qvodam,
1524 2928 1628 3000 qvem
1650 2908 1755 2980 affert
1775 2906 1994 2996 Athenaeus,

361 3024 455 3099 hanc
493 3024 618 3100 tibiam
655 3020 826 3122 ἀλέκτορα
860 3024 1029 3099 nominat.
1082 3025 1209 3120 Neqve
1243 3023 1435 3120 qvidqvam
1469 3024 1653 3121 proficitur
1687 3027 1996 3122 argumentatione
2059 3117 2065 3126 ι

362 3144 605 3236 Wilmannsii,
633 3169 705 3241 qva
729 3167 857 3220 versus
882 3144 1041 3219 Horatii:
1083 3140 1222 3221 Virtute
1242 3143 1404 3240 functos,
1429 3167 1530 3221 more
1550 3151 1710 3246 potrum,
1737 3145 1849 3223 duces
1875 3145 1997 3247 Lydis

362 3264 518 3341 remixto
553 3265 714 3341 carmine
746 3262 846 3341 tibiis
872 3261 1088 3363 liojamqae
1113 3267 1152 3338 et
1174 3260 1357 3339 Anchisen
1384 3269 1423 3339 et
1446 3264 1565 3341 αἰνεαθ
1591 3261 1812 3363 Propcniem
1846 3263 1997 3344 Veneris

364 3406 534 3460 canemus
568 3383 625 3482 (0.
661 3384 728 3461 IV.
769 3390 825 3461 15.
863 3388 910 3461 29
948 3385 1043 3481 sqq.)
1076 3391 1199 3481 aperte
1225 3384 1413 3459 ostendere
1439 3384 1490 3459 ait
1516 3408 1612 3479 „non
1638 3393 1710 3461 tam
1737 3395 1864 3462 tenues
1890 3395 1996 3484 atquc

363 3504 490 3579 molles
524 3504 690 3579 tibiarum
725 3505 925 3605 Lydiarum
959 3505 1073 3580 fuisse
1106 3507 1275 3580 cantus“:
1313 3504 1528 3602 quasivero
1554 3529 1705 3599 eavox,
1733 3532 1824 3604 qvae
1851 3505 2001 3583 distant

363 3625 544 3700 nominata
578 3633 644 3717 est,
677 3626 883 3701 necessario
915 3633 989 3700 tam
1022 3623 1143 3700 mollis
1177 3623 1236 3715 sit,
1272 3631 1311 3699 ut
1336 3624 1484 3700 heroum
1508 3626 1676 3702 laudibus
1701 3627 1853 3725 indigna
1876 3627 1995 3702 videa

363 3752 421 3819 tur
433 3744 501 3838 ”t
555 3745 816 3841 Interpretibue
843 3744 985 3821 Horatii
1010 3744 1193 3841 plerisqve
1219 3767 1262 3819 eo
1289 3745 1512 3822 satisfactum
1539 3755 1604 3838 eet,
1634 3748 1727 3845 qvod
1749 3769 1995 3823 commemora·

362 3970 461 4030 tndem
489 3971 538 4030 dic
566 3970 621 4030 der
647 3969 853 4045 priecbr’eclren
879 3970 1047 4031 Btldmerlce
1074 3969 1209 4030 montena
1238 3970 1304 4030 eine
1328 3971 1428 4031 eolcbe
1458 3969 1755 4033 Unootllcommenbeit
1780 3974 1892 4047 zeioen,
1925 3973 1997 4033 does

362 4089 433 4133 man
460 4073 504 4132 rie
532 4089 591 4132 nur
615 4072 671 4146 fitr
700 4073 899 4133 traditionette
930 4073 1033 4149 Typen
1060 4073 1237 4148 mytbtecber
1262 4074 1327 4133 und
1351 4074 1649 4149 vnpncncnrncner
1672 4076 1909 4150 Tonrrerlczeuoe
1930 4076 1996 4135 bol·

239 4195 241 4200 ·
363 4183 411 4235 ten
432 4176 525 4234 luna.

466 4276 498 4355 *)
521 4278 600 4338 Num
622 4278 699 4337 enim
721 4277 860 4338 credibile
882 4282 938 4346 est,
961 4296 999 4339 ne
1020 4276 1092 4354 qvid
1114 4296 1285 4340 moneamus
1307 4278 1397 4348 aliud,
1420 4280 1509 4341 etiam
1532 4278 1661 4341 Graecos
1682 4275 1763 4358 τοὺς
1785 4273 1913 4357 αὐλοὺς
1927 4282 1996 4343 Λυ-

363 4375 457 4457 δίους
479 4379 547 4457 (cfr.
570 4398 616 4442 ex.
639 4398 665 4441 c.
688 4379 809 4440 Pindar.
837 4379 873 4442 0.
897 4383 927 4441 b.
950 4378 1004 4460 lb)
1026 4380 1064 4441 ab
1086 4381 1220 4442 Etruscis
1242 4381 1392 4459 accepisse
1414 4387 1445 4443 et
1466 4400 1502 4442 ex
1517 4382 1622 4443 horum
1638 4383 1802 4460 originibus
1817 4384 1996 4449 nominasse,

364 4491 416 4543 aut
437 4484 525 4544 tibias
547 4483 661 4562 Lydiae
682 4485 822 4545 Romanis
844 4484 927 4552 alias,
950 4484 1024 4544 alias
1046 4482 1167 4545 Graecis
1188 4483 1299 4546 inisse?

465 4585 514 4667 **)
536 4586 707 4648 Herodotus
727 4587 751 4646 l.
778 4589 814 4646 17
838 4587 916 4647 inter
936 4587 1132 4647 instrumenta
1153 4587 1273 4660 musica,
1297 4586 1405 4663 quibus
1426 4587 1574 4664 Alyattes,
1598 4606 1650 4649 rex
1672 4587 1834 4667 Lydorum,
1857 4587 1887 4647 in
1910 4605 1995 4648 exer·

365 4687 426 4746 citu
454 4705 526 4748 usus
555 4688 603 4757 sit.
633 4681 741 4752 αὐλὸν
765 4682 963 4772 γυναικὴϊόν
983 4709 1017 4752 τε
1036 4686 1091 4754 καὶ
1109 4683 1270 4773 ἆνδρήϊον
1291 4688 1384 4750 fuisse
1405 4697 1516 4758 narret,
1539 4690 1645 4767 hisque
1667 4690 1805 4752 tibiarum
1828 4689 1995 4751 nominibus

364 4787 497 4849 dextram
520 4796 550 4850 at
572 4792 721 4851 sinistram
744 4792 893 4868 designari
914 4792 1095 4855 intellectum
1115 4799 1170 4861 est,
1194 4792 1232 4853 de
1253 4810 1313 4868 qva
1335 4811 1366 4852 re
1388 4791 1454 4853 citr.
1477 4792 1666 4870 Boettigerus
1687 4793 1718 4852 in
1740 4791 1898 4852 Wielandii
1920 4793 1995 4852 Atti·

363 4892 448 4951 robes
469 4893 603 4953 Murcum
622 4893 646 4952 1.
669 4897 697 4953 2.
720 4912 751 4971 p.
773 4898 833 4955 334
854 4912 900 4971 sq.
923 4901 954 4956 et
975 4895 1105 4957 editores
1127 4895 1271 4957 Herodoti
1294 4898 1486 4971 (quamquam
1509 4894 1594 4965 falso,
1617 4902 1651 4956 nt
1672 4894 1736 4956 fieri
1759 4895 1844 4962 solet,
1872 4893 1995 4955 dextrae

363 4992 454 5055 tibias
476 5012 596 5071 mrem
619 5003 649 5057 et
663 4998 810 5057 sinistrae
832 5003 949 5059 acuum
972 5017 1074 5060 vocem
1096 4998 1295 5077 adJndicant);
1319 5003 1444 5075 apparet
1466 5005 1563 5059 sutem
1587 4999 1617 5058 in
1640 4996 1759 5059 Graecis
1781 4997 1839 5057 illis
1861 4996 1996 5073 appella-

363 5095 493 5158 tionibus
523 5099 687 5159 naturalem
716 5099 907 5162 differentiam
938 5101 1081 5163 femineae
1103 5108 1132 5164 θῖ
1154 5100 1248 5162 virilis
1271 5101 1352 5162 vocis
1374 5107 1547 5178 spectatam,
1571 5120 1626 5162 nec
1647 5120 1717 5163 vero
1741 5101 1849 5162 idcireo
1873 5099 1995 5161 dextras

364 5198 454 5260 tibiae
476 5199 672 5261 effeminatam
691 5207 722 5263 et
743 5220 880 5264 enervem
903 5205 1054 5266 mollitiam
1076 5205 1236 5282 ascriptam
1258 5222 1333 5266 esec.
