4726 6270
910 515 1114 592 Quartimm
1139 518 1355 585 Terentianae.
1858 523 1897 586 65

311 726 415 790 acute
442 725 479 790 et
503 717 670 791 alacriter
695 716 861 790 sonuisse
887 716 1053 812 opinatus
1079 725 1146 790 est.
1201 715 1328 816 Syrus,
1356 740 1435 792 oum
1462 717 1683 813 Antiphilam
1710 727 1877 815 parentes
1903 720 1941 793 fi·

311 836 396 910 liam
431 837 676 932 agnovissent,
713 843 866 925 veretur,
900 858 945 910 ne
977 859 1048 910 non
1075 836 1208 910 diutius
1234 837 1390 911 Bacchis
1415 859 1481 933 pro
1508 837 1624 910 amica
1649 836 1790 913 Cliniae
1816 838 1942 914 haberi

310 957 438 1051 possit,
466 963 503 1030 et
528 977 649 1030 secum
676 954 879 1030 deliberans
904 955 972 1029 hoc
999 956 1175 1031 canticum
1201 957 1294 1052 agit:

412 1123 500 1202 Nisi
524 1149 581 1201 me
607 1124 749 1202 unimus
770 1125 886 1222 fallit,
911 1123 1015 1201 ltaud
1036 1127 1182 1202 muimm
1208 1149 1232 1203 a
1257 1149 1314 1202 me
1341 1125 1464 1202 aberit
1487 1127 1744 1223 infortunium:

413 1245 476 1322 Ita
500 1243 573 1322 heic
597 1270 641 1322 re
666 1247 704 1322 in
730 1250 919 1346 augustum
946 1244 1079 1346 oppida
1106 1269 1201 1321 nunc
1225 1248 1330 1322 meat
1356 1251 1533 1344 coquntur
1558 1248 1706 1349 adpiae:

410 1363 499 1444 Nisi
525 1363 670 1464 diiquid
693 1363 815 1459 uideo,
841 1388 887 1440 ne
913 1368 997 1441 e'sse
1022 1366 1175 1441 amicam
1200 1363 1296 1442 tanc
1318 1367 1424 1465 patiti
1448 1366 1630 1443 resciscat
1651 1391 1775 1444 senex.

413 1483 507 1562 Nam
535 1484 635 1585 quid
659 1483 707 1561 de
732 1492 882 1584 arpenta
908 1488 1052 1586 spe‘rem
1079 1490 1144 1560 aut
1158 1509 1275 1586 posse
1290 1487 1474 1587 postulem
1499 1511 1557 1562 me
1577 1487 1729 1582 saltere,

338 1615 372 1684 5.
413 1603 483 1682 Nil
505 1609 577 1682 est:
605 1602 797 1706 triumpho,
823 1606 859 1681 si
881 1605 970 1682 licet
992 1628 1048 1680 me
1074 1605 1191 1681 littere
1218 1610 1310 1682 tecta
1338 1603 1550 1682 abscedere.

417 1723 571 1802 Crucidr
596 1723 715 1802 batum
741 1722 831 1801 milti
854 1726 990 1800 ta'ntum
1017 1728 1177 1825 ereptum
1203 1727 1276 1801 tam
1304 1724 1469 1803 desubito
1497 1750 1518 1801 e
1539 1726 1716 1823 saucibus

415 1843 518 1938 Ouid
541 1846 673 1944 aqam?
699 1847 765 1920 ait
788 1843 879 1944 quid
903 1844 1177 1921 comminiscar?
1202 1845 1298 1922 ratio
1326 1843 1374 1921 de
1398 1846 1538 1944 integro
1565 1846 1762 1923 ineundact
1783 1847 1882 1924 milti.

412 1961 481 2041 Nil
502 1965 576 2041 tcim
603 1963 804 2062 difficilest,
830 1963 915 2063 quin
942 1961 1152 2062 quaerenda
1180 1964 1398 2063 inuc'stipam
1417 1966 1569 2066 pissiet.

415 2083 518 2178 Ouid
540 2085 575 2161 si
601 2083 671 2162 too
695 2106 790 2161 nunc
814 2084 871 2161 sic
897 2084 1091 2184 incipiam?
1115 2084 1172 2159 nil
1194 2090 1258 2160 est.
1286 2083 1386 2183 quid,
1411 2085 1492 2160 sic?
1518 2084 1723 2162 tantundem
1750 2090 1874 2186 e'qera

314 2212 371 2284 10.
412 2203 465 2282 At
487 2206 541 2282 sic
567 2205 706 2306 opinor.
735 2205 806 2281 ndn
823 2208 959 2304 potest.
987 2203 1092 2280 imma
1119 2205 1270 2304 dpteme.
1299 2227 1416 2303 cupae
1440 2202 1557 2281 labeo
1585 2205 1773 2305 aptumam.

412 2321 612 2402 Retraham
646 2321 771 2401 hercle
806 2324 936 2425 opinor
970 2322 1024 2398 a'd
1054 2346 1111 2399 nte
1137 2322 1232 2400 idem
1259 2323 1354 2400 illud
1371 2323 1569 2424 fugitiuum
1596 2329 1783 2424 arpentum
1810 2333 1938 2403 tamen.

311 2516 480 2592 Wolffius
514 2515 657 2612 qvidem
692 2512 825 2614 Syrum
859 2514 1112 2608 „vehementer
1144 2519 1365 2587 aestuantem
1396 2513 1580 2610 ingemere
1607 2522 1643 2589 et
1668 2516 1863 2612 conqueri“
1889 2517 1941 2591 ait

312 2640 360 2736 (p.
388 2639 465 2733 48),
493 2636 559 2711 sed
585 2658 689 2733 qvem
716 2635 823 2709 etiam
849 2633 1110 2711 Wilmannsins
1138 2634 1306 2727 „anxium
1333 2640 1369 2707 et
1395 2634 1588 2708 sollicitum
1615 2634 1737 2730 loqvi“
1764 2635 1861 2726 dicit,
1885 2659 1940 2711 sa·

311 2757 359 2832 tis
391 2758 424 2831 is
449 2756 666 2852 intrepidum
693 2779 732 2830 se
758 2756 916 2851 praebet.
969 2755 1013 2829 In
1039 2754 1130 2851 ipsis
1155 2753 1280 2850 primis
1306 2754 1425 2828 verbis
1452 2753 1547 2844 (nisi
1571 2777 1628 2828 me
1654 2754 1796 2831 animus
1816 2755 1940 2851 fallit)

311 2902 333 2952 a
353 2877 508 2974 joculari
532 2877 680 2951 licentia
705 2898 777 2950 non
802 2876 969 2964 abstinet,
996 2874 1055 2949 his
1081 2875 1202 2949 verbis
1228 2874 1483 2949 contumaciter
1508 2874 1670 2950 iterando
1689 2875 1781 2951 idem
1800 2876 1940 2951 initium

311 2999 487 3074 sermonis
522 2996 717 3087 Sostratae,
750 3019 820 3092 qvo
850 2997 1013 3070 nuntium
1038 2994 1083 3069 de
1107 2995 1184 3069 filia
1209 2995 1281 3070 sibi
1305 2994 1446 3068 reddita
1470 2994 1575 3069 modo
1601 2997 1804 3093 apportavit
1829 2999 1937 3094 (vers.

309 3119 336 3191 f.
370 3118 474 3214 614);
509 3125 546 3191 et
571 3139 782 3213 qvamqvam
809 3115 914 3190 simul
940 3117 1073 3189 fatetur
1098 3137 1224 3189 servus
1250 3114 1480 3189 infortunium
1505 3137 1617 3212 prope
1644 3137 1737 3206 esse,
1764 3116 1836 3190 nisi
1861 3138 1940 3213 pro

310 3239 440 3334 videat,
476 3245 594 3311 tamen
629 3237 673 3312 dc
708 3237 824 3311 salute
859 3236 949 3310 adeo
974 3257 1046 3310 non
1072 3234 1249 3331 desperat,
1277 3242 1317 3309 ut
1341 3235 1423 3331 ipsa
1447 3235 1692 3331 magnitudine
1717 3236 1868 3331 periculi
1893 3237 1940 3310 ad

309 3358 447 3454 maj0ra
471 3357 635 3432 audenda
660 3357 834 3431 excitetur
860 3364 896 3431 et
921 3356 1126 3430 imminente
1152 3355 1357 3430 discrimine
1383 3378 1428 3429 ne
1454 3356 1571 3452 possit
1595 3356 1740 3451 qvidem
1764 3379 1787 3429 a
1813 3379 1853 3430 se
1878 3356 1938 3431 im·

309 3485 462 3574 petrare,
490 3485 529 3553 ut
554 3485 741 3573 argentum
767 3475 858 3550 illud
883 3476 1075 3572 fugitivum
1100 3474 1283 3550 rouchere
1308 3475 1431 3549 conari
1457 3475 1619 3552 desistat.
1659 3477 1742 3550 Non
1761 3485 1857 3550 metu
1877 3477 1939 3551 ille

309 3621 352 3673 ac
377 3599 515 3691 timore,
542 3598 608 3673 sed
634 3598 751 3672 audax
776 3596 964 3672 consilium
990 3595 1229 3692 persequendi
1255 3602 1291 3669 et
1315 3618 1429 3669 novas
1447 3596 1605 3670 rationes
1623 3597 1851 3692 excogitandi
1868 3605 1939 3671 stu·

310 3719 369 3792 dio
395 3720 574 3794 cruciatur
599 3721 648 3814 (v.
678 3724 699 3795 6
728 3718 834 3814 sqq.).
886 3716 1029 3792 Dixerit
1053 3716 1208 3790 fortasse
1234 3715 1365 3811 aliquis
1391 3738 1466 3790 rem
1492 3716 1531 3790 in
1556 3716 1625 3790 hoc
1643 3717 1783 3790 cantico
1802 3738 1939 3812 parum·

308 3861 374 3935 per
407 3838 454 3913 ad
488 3839 643 3935 impares
677 3837 786 3912 tibias
819 3836 990 3927 rediisse;
1026 3835 1091 3911 sed
1123 3859 1229 3933 qvam
1255 3836 1300 3910 ob
1326 3858 1401 3911 rem
1427 3837 1520 3912 duae
1544 3837 1701 3928 dexuae,
1728 3859 1821 3932 qvae
1845 3837 1940 3911 inter

260 4056 264 4062 ὓ
309 3967 411 4034 actus
436 3958 655 4056 posteriores
680 3956 1002 4033 machinationibus
1029 3955 1117 4056 Syri
1143 3963 1179 4030 et
1205 3977 1326 4030 earum
1352 3955 1491 4030 eventis
1515 3963 1621 4031 acuto
1647 3978 1735 4030 sono
1756 3956 1939 4052 praelnde

307 4079 406 4170 bant,
433 4101 504 4154 non
531 4079 638 4153 etiam
663 4078 733 4153 hoo
758 4078 838 4152 loco
864 4077 1082 4152 consultanti
1107 4099 1229 4151 secum
1255 4075 1491 4150 mannaan·
1516 4076 1701 4150 succinere
1726 4077 1818 4151 bene
1840 4086 1939 4174 potn-

310 4199 412 4291 erint‚
446 4220 488 4274 eo
518 4197 636 4273 minus
662 4204 822 4295 apparet,
850 4195 944 4294 qvod
969 4197 1077 4294 paulo
1103 4203 1186 4293 post
1211 4195 1412 4271 videbimus
1438 4196 1476 4271 in
1501 4196 1575 4270 alio
1600 4196 1740 4272 cantico
1767 4196 1938 4272 delibera

306 4320 425 4396 tiones
450 4318 572 4394 callidi
598 4319 695 4394 servi
720 4317 768 4393 ad
793 4317 937 4415 easdem
963 4317 1071 4391 tibias
1097 4324 1215 4391 astute
1241 4315 1394 4391 habitas.

409 4439 455 4515 V.
509 4439 568 4515 Ad
597 4439 823 4514 Andriam
848 4439 962 4513 codex
986 4437 1193 4528 Bembinus‚
1220 4437 1260 4511 in
1284 4459 1354 4532 qvo
1381 4436 1511 4511 desunt
1535 4435 1656 4513 omnia
1681 4437 1726 4511 ab
1752 4436 1855 4511 initio
1880 4459 1937 4512 us

307 4581 375 4654 qve
409 4559 456 4634 ad
491 4583 525 4635 v.
558 4560 584 4634 f.
619 4564 704 4651 786,
732 4560 867 4634 nullam
892 4557 1125 4634 didascaliam
1150 4555 1269 4648 habet,
1295 4580 1412 4654 neqve
1438 4579 1458 4631 e
1484 4557 1588 4633 libris
1614 4555 1852 4653 Calliopianis
1877 4557 1937 4632 ha·

305 4678 391 4752 bere
425 4678 521 4754 ullus
556 4679 686 4754 dicitur
719 4687 861 4776 praeter
894 4702 1003 4755 annm
1037 4677 1242 4752 Parisinum
1273 4677 1375 4772 isqve
1401 4677 1598 4751 recentiore
1624 4699 1732 4751 manu
1758 4700 1777 4751 e
1803 4676 1937 4752 Donati

306 4797 528 4892 praefatione
563 4798 780 4896 adscriptam
793 4799 840 4895 ⁸).
893 4799 1019 4894 Itaqve
1054 4797 1154 4873 solus
1188 4804 1312 4872 auctor
1341 4796 1402 4870 hio
1428 4805 1484 4871 est
1509 4797 1690 4887 Donatum
1719 4797 1822 4892 cujus
1847 4794 1936 4871 illud

306 4916 353 4990 ad
388 4918 631 5012 quaestionem
665 4925 824 4993 nostram
858 4916 1027 5015 pertinet:
1065 4912 1201 4995 Medos
1228 4915 1327 5012 fecit
1354 4913 1512 4992 Maccus
1542 4912 1689 4993 Claudii
1711 4916 1813 5014 filius
1839 4914 1938 4992 tibiis

409 5173 441 5250 *)
464 5172 537 5235 ont.
561 5172 728 5252 Geppertus
748 5194 778 5255 p.
803 5179 864 5240 575
887 5195 934 5254 sq.

1765 5290 1782 5345 9
