4740 6270
412 508 451 575 12
931 504 1153 604 Eouennus
1179 521 1201 568 e
1227 501 1401 570 666666.

365 727 446 781 esse
472 701 688 778 incentivam
714 709 750 777 et
774 702 1056 799 praecentoriam
1082 701 1232 777 eandem
1258 700 1372 777 fuisse
1398 700 1523 776 tibiam
1545 699 1752 776 Boeckhius
1771 701 1897 798 paucis
1917 724 1998 777 oon·

365 836 421 899 tra
455 821 670 900 salmasium
704 829 830 918 uegat3
863 829 899 897 et
924 844 1010 898 vero
1036 822 1143 897 aliam
1169 821 1452 919 praecentoriam
1476 821 1590 897 fuisse
1617 844 1663 897 ex
1688 822 1768 918 ipso
1794 821 1937 897 nomine
1962 830 2000 897 et

366 969 412 1019 ex
445 967 513 1020 usu
545 943 625 1039 ejus
651 941 893 1039 colligendum
919 949 991 1016 est:
1019 941 1247 1017 denominata
1272 941 1367 1016 enim
1392 941 1439 1017 ab
1466 964 1509 1016 eo
1535 964 1617 1018 esse
1642 941 1805 1034 traditur,
1832 941 1927 1039 qvod
1951 942 2000 1017 ad

365 1064 577 1162 pulvinaria,
604 1064 628 1137 i.
657 1086 688 1137 e.
716 1085 787 1137 uon
813 1061 859 1137 ad
886 1061 1074 1152 sacrificia,
1102 1068 1142 1136 ut
1167 1070 1268 1158 putat
1294 1060 1526 1137 Bartholinus
1539 1063 1586 1158 '),
1617 1062 1682 1137 sed
1707 1062 1752 1137 ad
1778 1062 2000 1138 lectisternia

366 1183 616 1281 praecinuerit,
645 1181 937 1281 quemadmodum
964 1179 1112 1258 deorum
1130 1178 1389 1281 pulvinaribus
1412 1186 1450 1255 ct
1473 1180 1591 1282 epulis
1611 1181 1885 1279 mapisoaaum
1903 1178 2000 1278 fides

361 1302 618 1403 praecinuisse
650 1310 822 1379 memorat
847 1300 977 1379 Cicero
1003 1302 1127 1399 (Tusc.
1155 1301 1222 1378 IV.
1251 1306 1286 1377 2.
1315 1302 1369 1397 4):
1398 1301 1484 1398 qvid
1510 1324 1598 1398 ergo
1623 1301 1707 1377 huic
1732 1300 1999 1398 praecentoriae

367 1446 551 1499 commuue
584 1423 655 1498 fuit
685 1445 765 1497 cum
791 1445 835 1497 ea
859 1423 960 1512 tibia,
988 1445 1078 1521 qvae
1104 1422 1142 1496 iu
1168 1421 1357 1518 imparium
1382 1430 1489 1496 cantu
1515 1421 1561 1497 ab
1587 1421 1769 1498 incineudi
1794 1421 1913 1497 officio
1938 1442 1999 1496 no

368 1568 449 1619 meu
483 1543 691 1638 acceperat?
731 1541 903 1618 Gravitas
934 1541 1106 1638 quaedam
1141 1542 1222 1616 soui
1256 1541 1524 1638 praecentoriae
1558 1565 1630 1617 nou
1664 1542 1822 1617 defuisse
1848 1541 1997 1630 videtur,

368 1664 433 1740 sed
459 1685 530 1738 nou
557 1686 634 1737 eam
661 1664 707 1738 ob
734 1684 890 1752 causam,
919 1684 1023 1758 qvam
1049 1660 1154 1735 fiuxit
1180 1660 1391 1754 Salmasius,
1420 1685 1542 1737 verum
1568 1662 1652 1758 qvia
1678 1660 1835 1753 Solinus,
1858 1684 1939 1738 cum
1959 1661 1998 1737 in

367 1783 504 1879 aliqvot
530 1782 702 1879 exemplis
728 1782 972 1857 demonstrare
998 1781 1118 1871 vellet,
1146 1781 1321 1877 qvomodo
1347 1782 1603 1857 Thermitauac
1623 1783 1763 1858 insulae
1781 1781 1910 1857 calami
1928 1804 1998 1856 om·
2067 1864 2076 1875 ,

367 1904 473 1979 nibus
508 1902 607 1978 souis
639 1903 714 2000 apti
738 1910 871 1994 esseut,
899 1909 952 1977 tot
976 1909 1104 1999 postea
1129 1901 1249 1976 attulit
1274 1902 1439 1998 exempla
1463 1902 1631 1978 tibiarum
1656 1903 1774 1999 magis
1799 1901 1997 1999 magisque,

367 2033 407 2098 ut
432 2023 547 2121 ipsius
573 2025 683 2099 verba
709 2022 905 2115 declarant,
931 2028 1034 2096 acute
1060 2021 1263 2097 sonantium
1276 2021 1345 2116 ⁸).
1399 2018 1473 2097 Sed
1498 2020 1589 2096 haec
1614 2020 1798 2096 hacteuus.
1827 2064 1866 2077 -
1889 2021 1998 2096 Nolu-

368 2166 447 2218 mus
482 2142 670 2219 verbosius
703 2143 803 2241 loqvi
837 2143 882 2217 de
917 2149 1127 2238 argumento
1163 2164 1183 2216 e
1215 2141 1326 2216 Plinii
1351 2141 1397 2215 N.
1425 2140 1472 2216 H.
1501 2141 1604 2218 XVI.
1635 2146 1694 2219 36.
1724 2147 1783 2231 66,
1811 2142 1872 2238 qvi
1897 2141 1999 2216 locus

367 2287 448 2339 oum
482 2262 726 2360 Theophrasti
760 2263 856 2337 Hist.
892 2263 1004 2360 plaut.
1041 2261 1107 2338 IV.
1140 2267 1197 2353 ll,
1232 2261 1432 2353 6666666,
1460 2285 1652 2337 6666666
1676 2261 1830 2357 integra,
1858 2261 1999 2336 Plinius

368 2383 557 2479 excerpsit,
595 2382 854 2480 comparandus
889 2389 955 2471 est,
991 2406 1014 2456 a
1048 2380 1232 2456 Boeckhio
1268 2388 1464 2478 assumpto,
1501 2383 1559 2458 oui
1584 2383 1663 2479 ipse
1689 2383 1838 2458 multum
1863 2381 1998 2456 tribuit.

367 2504 409 2578 Id
445 2526 516 2577 non
552 2502 643 2577 tanti
674 2525 755 2577 esse
781 2501 951 2578 momenti
976 2501 1237 2577 Wilmaunsius
1263 2525 1298 2598 p.
1329 2506 1375 2578 37
1404 2525 1495 2599 sqq,
1523 2502 1765 2599 Theophrasti
1790 2502 1999 2598 interprete·

367 2625 499 2699 tionem
525 2645 647 2697 secum
673 2623 839 2720 privatim
864 2624 909 2697 ab
936 2623 1016 2719 ipso
1043 2620 1228 2696 Boeckhio
1248 2621 1542 2696 communicatam
1561 2624 1726 2714 afferens,
1747 2621 1914 2712 ostendit,
1934 2622 1999 2697 sed

368 2744 413 2817 66
448 2742 622 2819 rationem
654 2750 811 2817 mutuam
841 2743 1008 2817 tibiarum
1034 2741 1181 2817 dextrae
1207 2749 1243 2815 et
1268 2741 1436 2816 sinistrae
1462 2741 1725 2837 dijudicandam
1752 2743 1858 2818 etiam
1884 2742 1999 2817 Theo

368 2864 508 2961 phrasti
542 2863 653 2939 verba
684 2861 774 2936 nihil
800 2862 920 2936 valere
945 2870 1064 2936 161666
1090 2883 1162 2934 666
1188 2869 1283 2936 recte
1309 2861 1513 2936 arbitratur.
1566 2861 1697 2938 Omnia
1721 2863 1767 2937 ad
1793 2886 1868 2938 rem
1893 2862 1999 2959 perti·

368 2984 489 3058 nentia
523 2983 593 3058 huc
627 2981 786 3073 redeunt,
822 2990 862 3056 ut
896 2980 992 3056 dicat
1025 2981 1299 3078 Theophrastus
1331 3006 1351 3057 e
1383 2982 1484 3057 lacus
1510 2980 1739 3058 Orchomenii
1765 2983 1998 3058 arundinibus

368 3103 526 3199 lingulas
553 3103 699 3178 dextrae
725 3110 761 3177 et
787 3101 954 3177 sinistrae
980 3102 1089 3176 tibiae
1115 3101 1167 3175 ita
1192 3102 1315 3198 deligi,
1342 3108 1382 3176 ut
1409 3126 1454 3177 ex
1479 3101 1604 3178 eodem
1630 3103 1792 3199 ejusdem
1812 3102 1998 3178 amudiuis

369 3223 567 3298 internodio
594 3230 742 3320 utraque
769 3230 939 3312 sumatur,
973 3221 1037 3296 sed
1064 3245 1084 3296 e
1110 3222 1293 3318 superiore
1319 3231 1419 3318 parte
1445 3223 1484 3297 iu
1510 3222 1601 3298 duas
1626 3233 1748 3320 partes
1775 3224 1922 3299 dissecti
1948 3223 1998 3297 in·

368 3343 522 3418 ternodii
547 3344 722 3440 lingulam
748 3342 895 3418 dextrae
922 3349 958 3418 et
984 3366 1027 3417 ex
1053 3342 1221 3417 interiore
1247 3342 1415 3417 sinistrae
1428 3343 1519 3438 m).
1559 3343 1643 3418 Jam
1663 3345 1841 3441 qvoniam,
1862 3351 1901 3419 ut
1918 3344 1998 3441 ipsc

368 3472 617 3540 commemorat
652 3463 923 3556 Wilmaunsius,
959 3463 1107 3538 inferior
1132 3484 1218 3560 pars
1242 3462 1433 3538 internodii
1459 3462 1671 3539 arundinum
1698 3464 1864 3553 crassior,
1893 3486 1998 3561 qvam

370 3731 476 3785 vocant
504 3724 634 3790 dextras,
665 3741 742 3799 quae
768 3729 891 3800 propter
917 3723 1093 3800 gravitatem
1112 3722 1177 3783 soni
1199 3721 1238 3782 ad
1260 3721 1428 3798 pulvinaria
1449 3722 1571 3784 deorum
1593 3728 1624 3783 et
1645 3741 1713 3783 aras
1734 3722 1831 3784 inflari
1851 3723 1997 3788 solebant.

369 3827 473 3903 quales
501 3833 531 3886 et
560 3824 741 3902 spondaioas
768 3824 867 3891 tibiae.
899 3825 1006 3901 quibus
1035 3822 1194 3889 σπονδεῖα
1215 3830 1245 3886 et
1267 3819 1430 3907 ἐπιβώμια
1450 3819 1767 3909 μ6666666666166.“
1809 3825 1919 3887 Verum
1941 3825 1998 3887 hae

370 3931 522 4005 opiniones
546 3928 663 4004 etipsa
687 3928 779 3989 verba
800 3935 870 3988 sunt
890 3927 1024 3988 Salmasii
1046 3927 1085 3987 66
1107 3928 1183 3987 Hist.
1207 3928 1333 4006 August.
1358 3930 1460 4005 script.
1481 3947 1512 4005 p.
1535 3931 1608 3989 495.
1716 3956 1720 3963 ¹

470 4031 502 4105 a)
525 4032 570 4093 Dc
592 4030 669 4092 tibiis
690 4039 820 4092 66166666
842 4039 870 4091 et
892 4047 994 4091 τονιαο
1016 4032 1135 4105 antiqva
1156 4047 1210 4090 666
1233 4031 1461 4108 (amstelodami
1486 4030 1589 4111 1679),
1612 4051 1642 4109 p.
1668 4034 1738 4093 189:
1762 4033 1821 4104 „at
1842 4031 1906 4101 has,
1929 4032 1997 4108 qni·

369 4135 424 4193 bus
447 4135 575 4211 praeviis
599 4134 733 4194 victimas
755 4134 935 4201 obtulerunt,
958 4150 1009 4194 eas
1030 4132 1122 4194 luisse
1144 4133 1243 4204 oredo,
1264 4151 1339 4210 quas
1360 4135 1585 4195 Praeoentorias
1607 4134 1696 4196 tibias
1718 4140 1874 4199 vocarunt.
1895 4151 1997 4210 qnem-

368 4236 527 4297 admodum
554 4237 727 4304 Thurarias,
756 4236 865 4312 quibus
894 4236 939 4296 usi
969 4241 1049 4303 sunt,
1079 4254 1143 4296 cum
1166 4235 1235 4296 thus
1257 4236 1288 4297 in
1308 4255 1388 4297 aram
1411 4237 1548 4299 inderent
1569 4256 1624 4298 nec
1645 4238 1831 4299 immolarent
1852 4236 1996 4298 hostias*

471 4337 521 4413 ”t
548 4340 593 4399 Dc
615 4340 688 4400 tibia
709 4356 800 4399 vasca
821 4338 856 4401 0.
880 4339 1004 4400 Julrnias
1026 4339 1211 4415 disputatio
1240 4341 1399 4415 ,Bctcbtc
1419 4340 1493 4402 aber
1515 4343 1564 4402 dic
1590 4341 1839 4416 Verbcadluapca
1862 4342 1917 4401 der
1937 4340 1998 4400 Kb·

368 4445 440 4518 apt.
470 4441 667 4503 Sdcbstsclrcn
699 4442 895 4516 Gerellscbull
920 4444 974 4503 der
1006 4442 1257 4516 Woscecaasren
1279 4459 1318 4503 za
1337 4443 1475 4520 Leipzip:
1503 4444 1647 4519 Philolop.
1670 4444 1844 4505 1666666666
1868 4442 1996 4510 01666οή

368 4550 437 4607 tom.
460 4549 478 4606 3
500 4564 531 4622 p.
557 4547 615 4605 169
638 4562 705 4621 sqq.
749 4545 846 4605 Vasca
868 4562 933 4606 oum
956 4543 1037 4621 apud
1058 4543 1189 4605 Solinum
1209 4543 1386 4606 foraminum
1408 4564 1529 4608 numero
1550 4546 1785 4623 praecentoriam
1803 4544 1998 4606 antecessisse

369 4649 493 4716 dicatur,
522 4649 727 4725 praecentoria
754 4667 813 4709 non
841 4648 936 4709 solum
964 4647 1114 4708 dissimilis
1142 4665 1178 4708 eo
1206 4648 1293 4708 modo
1320 4647 1421 4716 luisse,
1443 4647 1495 4709 sed
1517 4648 1646 4725 aliquam
1668 4649 1755 4709 etiam
1777 4647 1998 4708 similitudinem

367 4769 433 4812 cum
456 4769 546 4811 vasca
567 4751 707 4810 habuisse
729 4754 759 4811 et
781 4757 940 4827 propterea
961 4750 1119 4826 obliquas.
1136 4748 1996 4831 τλαμίανλος66666666666616616666666666166166.

469 4852 539 4928 m)
570 4851 795 4930 Theophrastus
824 4852 896 4914 dicit
924 4854 944 4913 l.
966 4872 1007 4914 o.:
1036 4857 1230 4936 συμφωνεῖν
1252 4847 1287 4916 δὲ
1307 4848 1366 4931 τὰς
1386 4847 1533 4935 γλώττας
1553 4849 1612 4930 τὰς
1633 4849 1667 4917 ἐκ
1688 4855 1750 4918 τοῦ
1773 4847 1879 4917 αὑτοῦ
1900 4865 1995 4935 μεσο-

366 4955 533 5036 γονατίου,
562 4950 621 5033 τὰς
649 4950 685 5020 δὲ
713 4951 814 5032 ἄλλας
840 4950 882 5019 οὐ
905 4960 1105 5038 συμφωνεῖν·
1130 4952 1184 5020 καὶ
1205 4950 1267 5039 τὴν
1288 4950 1347 5039 μὲν
1370 4950 1452 5037 πρὸς
1472 4954 1514 5040 τῇ
1534 4953 1605 5041 ῥίζῃ
1628 4951 1800 5037 ἀριστερὰν
1822 4948 1913 5022 εἶναι.
1935 4951 1997 5040 τὴν

369 5053 403 5121 δὲ
424 5051 506 5141 πρὸς
528 5052 606 5135 τοὺς
628 5054 790 5142 βλαστοὺς
812 5053 930 5137 δεξιάν.
952 5053 1132 5143 τμηθέντος
1154 5053 1188 5122 δὲ
1211 5056 1285 5141 δίχα
1307 5060 1369 5123 τοῦ
1392 5060 1630 5140 μεσομονατίου
1651 5052 1689 5123 τὸ
1705 5052 1808 5142 στόμα
1823 5059 1882 5142 τῆς
1894 5053 1997 5140 plait·

368 5183 425 5245 της
446 5157 595 5244 ἑκατέρας
617 5165 789 5245 γίγνεσθαι
810 5159 891 5227 κατὰ
912 5156 973 5247 τὴν
993 5163 1055 5228 τοῦ
1075 5155 1227 5245 καλάμου
1249 5156 1364 5244 τομήν.
