4726 6270
915 524 1119 603 Quaestione·
1144 525 1364 592 Terentianae.
1873 526 1913 594 61

132 736 139 743 “
319 680 421 801 tibiis
454 725 612 822 eguisse,
650 747 756 822 qvam
788 724 976 817 canticum,
1004 724 1088 800 huic
1113 731 1244 816 autem,
1272 732 1311 800 ut
1335 722 1471 799 incedit
1497 723 1656 820 gravitm
1680 732 1786 820 atqve
1812 723 1957 799 minaci·

319 855 386 938 ter,
422 845 583 936 idoneas,
618 845 653 920 si
686 846 763 936 ulli,
800 841 977 921 Sarranae
1001 845 1129 936 fuisse,
1156 867 1229 920 non
1255 844 1341 919 item
1366 844 1511 936 alteras,
1540 867 1642 941 qvae,
1671 845 1956 941 qvandoqvidem

319 967 358 1041 in
384 989 495 1042 scena
519 989 612 1041 unus
638 966 772 1041 tibicen
798 966 876 1041 sive
901 965 1097 1065 pythaules
1122 964 1254 1041 adesse
1280 965 1438 1057 solebat,⁴
1459 965 1530 1060 qvi,
1558 988 1628 1061 qvo
1654 967 1770 1061 major
1795 966 1852 1040 vis
1876 965 1957 1040 soni

321 1094 430 1178 esset,
456 1084 547 1161 duas
573 1086 681 1161 simul
706 1087 815 1161 tibias
841 1086 999 1176 inflabat,
1027 1108 1099 1161 uon
1124 1086 1176 1159 ita
1200 1084 1368 1160 videntur
1394 1085 1527 1162 serium
1553 1107 1634 1158 eum
1651 1085 1735 1181 joco
1755 1085 1955 1175 miscuisse,

320 1215 360 1282 ut
392 1229 487 1282 nunc
520 1206 611 1280 illud
645 1207 762 1281 solum
796 1230 876 1281 cnm
911 1229 978 1281 sua
1011 1205 1189 1302 gravitate
1215 1212 1371 1295 sonaret,
1399 1227 1495 1279 nunc
1520 1205 1579 1280 hic
1605 1227 1671 1301 per
1697 1227 1737 1279 se
1764 1205 1956 1301 separatIm

320 1327 469 1418 luderet,
497 1326 573 1418 sed,
602 1326 696 1422 qvod
724 1327 831 1402 etiam
858 1351 901 1401 ex
928 1326 1332 1401 Heautontimorumeno
1357 1325 1556 1422 apparebit,
1586 1325 1741 1399 medium
1767 1325 1860 1399 inter
1886 1324 1956 1400 duo

320 1446 499 1522 wabarie
523 1447 695 1537 tenuisse,
724 1447 907 1542 utriusque
935 1445 1211 1543 significationis
1236 1445 1306 1521 hoc
1330 1446 1436 1521 modo
1461 1445 1672 1542 participes;
1703 1444 1741 1519 in
1769 1467 1812 1519 eo
1837 1451 1956 1518 autem

321 1566 471 1658 cantico,
503 1566 598 1663 qvod
624 1565 809 1642 Sostratae
836 1575 902 1658 est,
930 1575 1078 1663 questus
1104 1574 1141 1640 et
1165 1565 1372 1640 lamentatio
1398 1565 1518 1661 hujus,
1546 1588 1637 1661 qvae
1663 1571 1801 1639 maesta
1827 1570 1863 1638 et
1890 1586 1956 1660 spe

320 1688 445 1762 orbata
469 1709 665 1784 progressa
690 1696 756 1777 est,
786 1696 821 1762 et
847 1688 885 1762 in
911 1687 1083 1761 diverbiis
1109 1685 1331 1782 interpositis
1357 1685 1545 1760 admiratio
1572 1685 1769 1761 dubitantis
1789 1683 1956 1760 Chreme·

318 1806 377 1898 tis,
414 1807 476 1902 qvi
509 1809 682 1882 nutricem
716 1807 815 1883 filiae
850 1808 968 1882 subito
1003 1806 1102 1881 videt
1135 1813 1172 1880 et
1205 1806 1349 1880 tandem
1374 1806 1551 1902 agnoscit,
1579 1813 1835 1903 proponuntur,
1864 1827 1955 1900 qvae

318 1927 439 2002 omnia
463 1936 548 2002 snut
572 1928 717 2003 minime
739 1930 876 2025 jocosa,
905 1928 970 2002 sed
996 1933 1120 2002 contra
1146 1949 1252 2023 qvam
1277 1927 1430 2001 manime
1457 1949 1585 2001 severa
1611 1934 1648 2001 et
1673 1925 1779 2000 seria.
1827 1925 1887 2000 Ex
1908 1925 1956 2000 iis

318 2069 404 2121 vero
439 2048 591 2122 canticis
625 2049 806 2139 brevibus,
842 2070 992 2143 qvorum
1026 2069 1134 2121 noum
1169 2047 1358 2122 tribuimus
1392 2046 1591 2144 Antiphoni
1615 2047 1652 2121 in
1680 2054 1762 2121 actu
1787 2047 1893 2121 tertio
1920 2052 1956 2120 et

317 2167 469 2242 alterum
505 2167 622 2245 Getae
656 2169 696 2243 in
729 2169 864 2265 qvinto,
900 2167 991 2242 illud
1027 2167 1175 2243 solliciti
1209 2174 1245 2241 et
1276 2167 1375 2241 anxii
1405 2167 1515 2242 animi
1541 2175 1608 2258 est,
1635 2166 1704 2241 hoc
1730 2190 1750 2240 e
1777 2165 1955 2242 contrario

317 2288 452 2384 gaudio
478 2288 705 2382 abundantis,
733 2297 770 2364 et
794 2288 935 2386 utriqve
962 2286 1139 2364 Serranae
1165 2294 1418 2378 convenerunt,
1445 2288 1575 2383 qvibus
1601 2310 1673 2362 non
1698 2287 1814 2361 solum
1834 2287 1873 2361 in
1895 2285 1955 2360 tri·

318 2407 436 2482 stibus
461 2409 581 2500 rebus,
610 2432 732 2484 verum
758 2409 866 2484 etiam
892 2408 930 2483 in
955 2408 1061 2482 laetis
1087 2408 1287 2498 utebantur,
1315 2416 1355 2482 ut
1381 2408 1575 2499 declarant,
1603 2430 1694 2504 qvae
1717 2430 1826 2502 supra
1844 2405 1954 2502 expli·

318 2536 400 2602 cata
433 2536 517 2603 suut
550 2529 596 2604 de
629 2528 755 2603 harum
789 2530 955 2603 tibiarum
987 2552 1057 2604 usu
1082 2528 1120 2602 in
1146 2525 1271 2603 Sticho
1296 2527 1475 2616 Plautina,
1504 2550 1575 2624 qva
1599 2527 1638 2601 in
1664 2526 1848 2600 comoedia
1873 2548 1953 2600 can·

317 2649 390 2724 tico
424 2649 564 2723 Pinacii
598 2649 707 2741 servi,
743 2648 979 2724 laetissimum
1005 2649 1167 2723 nuntium
1194 2647 1427 2743 apportantis,
1455 2647 1649 2743 conspicua
1675 2645 1870 2720 similitudo
1898 2652 1954 2721 est

318 2792 398 2844 cum
431 2769 533 2843 brevi
567 2768 636 2843 hoc
671 2767 800 2845 Getae.
853 2769 1018 2864 Deniqve
1053 2768 1215 2843 diverbia
1239 2767 1285 2840 ad
1311 2767 1420 2842 tibias
1446 2766 1638 2857 modulata,
1666 2789 1756 2862 qvae
1783 2765 1953 2839 indicavi·

317 2911 408 2980 mus,
436 2889 577 2964 etiamsi
601 2889 702 2964 tibiis
728 2889 925 2986 imparibus
950 2897 1044 2985 apta,
1072 2897 1111 2963 at
1137 2889 1243 2963 etiam
1271 2885 1438 2963 Sarranis
1455 2887 1570 2962 fuisse
1589 2886 1742 2961 dicenda
1761 2896 1854 2960 sunt.
1896 2885 1953 2961 De

317 3032 389 3106 qva
422 3031 461 3083 re
497 3009 611 3106 deqve
645 3010 784 3084 musica
817 3010 1023 3106 oeteroqvin
1052 3009 1091 3083 in
1116 3008 1333 3083 Phormione
1357 3009 1497 3104 prolata
1522 3007 1613 3082 nihil
1640 3006 1814 3097 addimus,
1842 3028 1888 3080 ne
1914 3006 1952 3079 in

316 3128 526 3224 quaestione
560 3129 626 3202 tali
654 3129 760 3226 plura
785 3128 956 3221 dimmus,
985 3152 1091 3225 qvam
1116 3151 1266 3203 necesse
1293 3135 1358 3202 est.
1414 3126 1608 3223 Superiora
1634 3127 1815 3203 sufficiant
1841 3125 1886 3199 ad
1912 3125 1952 3199 il·

316 3247 379 3324 lud
404 3247 638 3344 probandum,
667 3248 898 3322 verisimilius
923 3249 1050 3341 videri,
1082 3248 1178 3345 qvod
1203 3249 1248 3335 de
1273 3249 1372 3323 tibiis
1399 3247 1506 3344 hujus
1531 3248 1674 3324 fabulae
1700 3247 1865 3322 Donatus
1891 3245 1952 3320 ha·

316 3369 388 3459 bet,
417 3391 523 3464 qvam
550 3367 644 3463 qvod
669 3368 753 3443 libri
779 3393 800 3443 c
826 3368 997 3466 Calliopii
1022 3369 1278 3465 recognitione,
1310 3391 1402 3464 qvae
1428 3368 1475 3442 ad
1500 3391 1632 3444 nonum
1659 3368 1819 3443 seculum
1844 3368 1952 3441 refer·

315 3495 387 3581 tur,
412 3488 610 3585 pendentes
637 3490 800 3563 offcmut.
853 3488 983 3581 Aliter,
1010 3511 1157 3580 aenos,
1185 3489 1254 3563 viri
1280 3488 1377 3563 docti
1402 3511 1537 3580 omnes,
1566 3512 1714 3586 qvorum
1737 3487 1951 3563 seutentiam

316 3608 483 3700 vidimus,
512 3606 650 3682 dehac
676 3632 715 3682 re
736 3608 954 3703 judicarunt,
982 3609 1045 3704 qvi
1071 3608 1288 3683 didascalice
1314 3606 1562 3706 Calliopianae
1588 3632 1693 3705 qvam
1715 3609 1858 3682 Donato
1878 3629 1950 3681 cre·

317 3727 401 3803 dere
427 3729 628 3804 maluerunt
652 3737 800 3825 propter
825 3730 945 3804 varias
971 3753 1014 3805 ac
1041 3729 1204 3804 diversas
1230 3729 1398 3820 rationes,
1426 3753 1517 3825 qvas
1544 3752 1750 3805 enumerare
1777 3750 1849 3802 non
1873 3727 1950 3800 atti·

315 3847 436 3944 net*),
464 3848 529 3923 sed
555 3849 789 3922 communiter
814 3850 860 3923 ob
887 3873 966 3924 eam
992 3873 1148 3941 causam,
1177 3849 1271 3947 qvod
1298 3849 1343 3925 de
1368 3850 1519 3925 canticis
1540 3850 1647 3946 hujus
1664 3849 1869 3924 comoediae
1887 3855 1950 3922 aut

314 3965 406 4041 nihil
432 3975 494 4041 aut
519 3990 591 4042 non
617 3967 708 4042 satis
734 3976 900 4044 accurate
927 3969 1190 4066 qvaesiveruut.
1220 4012 1266 4024 -
1296 3970 1418 4045 Unum
1442 3978 1565 4062 restat,
1589 3970 1684 4066 qvod
1705 3969 1862 4046 breviter
1880 3968 1950 4042 elo

315 4109 474 4184 qvamur.
528 4087 624 4162 Huic
650 4088 794 4164 fabulae
819 4088 903 4164 aliis
928 4090 1148 4185 temporibus
1173 4090 1266 4165 alias
1293 4091 1401 4166 tibias
1427 4092 1541 4166 luisse
1567 4091 1744 4186 qvispiam
1775 4089 1949 4184 conjecta

314 4207 417 4298 verit,
446 4218 481 4282 et
507 4230 549 4282 eo
575 4208 694 4304 magis
719 4209 815 4304 qvod
840 4210 877 4283 in
903 4211 1108 4285 narratione
1133 4210 1268 4284 Donati
1293 4218 1399 4306 atqve
1426 4211 1533 4286 etiam
1559 4210 1599 4285 in
1624 4209 1843 4285 didascalice
1869 4207 1949 4282 reli·

315 4328 410 4425 qviis
435 4327 520 4403 libri
546 4329 710 4404 Bembini
736 4330 908 4404 memoria
933 4331 1082 4404 duarum
1108 4330 1285 4405 actionum
1311 4331 1465 4422 fabulae,
1495 4353 1645 4427 qvarum
1669 4331 1767 4427 prior
1793 4351 1886 4402 anno
1912 4351 1948 4402 u.

314 4470 346 4521 c.
384 4452 470 4540 593,
506 4449 684 4544 posterior
713 4472 746 4522 a.
777 4449 955 4541 statuit,
984 4449 1185 4525 continetur
1196 4451 1264 4545 ”b
1318 4451 1396 4526 Nec
1423 4474 1509 4527 vero
1534 4451 1653 4526 adhuc
1677 4450 1746 4524 hae
1771 4450 1832 4523 via
1856 4449 1950 4523 inter

312 4567 495 4643 Donatum
530 4576 567 4643 et
600 4569 762 4644 Terentii
797 4570 940 4646 codices
975 4571 1020 4644 de
1053 4570 1154 4645 tibiis
1183 4571 1411 4646 Phormionis
1436 4571 1634 4668 dijudicare
1660 4571 1775 4644 doctis
1800 4569 1947 4666 placuit,

312 4686 420 4782 idqve
442 4689 535 4784 jure.
588 4687 731 4765 Causae
757 4698 887 4782 autem,
914 4713 977 4766 cur
1002 4690 1055 4765 ita
1079 4690 1305 4766 sentiendum
1330 4691 1390 4784 sit,
1417 4692 1608 4790 generales
1636 4733 1679 4749 ·-
1709 4712 1754 4765 ne
1776 4689 1862 4785 qvid
1878 4690 1948 4764 siu-

414 4964 447 5043 ⁸)
470 4965 544 5027 cto.
567 4971 686 5042 praeter
708 4967 836 5028 editores
856 4968 1026 5030 Boeclrhins
1047 4985 1078 5046 p.
1105 4971 1174 5038 169,
1195 4966 1338 5046 Benlejus
1359 4987 1388 5046 p.
1413 4971 1463 5038 69,
1485 4967 1699 5030 Wilmenusins
1712 4986 1742 5045 p.
1759 4971 1810 5039 et,
1826 4966 1945 5026 Dniatn—

313 5067 381 5129 kim
402 5085 433 5146 p.
456 5071 507 5137 72,
529 5067 657 5130 Kohlins
678 5088 708 5146 p.
732 5072 783 5131 55.

415 5187 466 5265 ”)
489 5187 562 5250 cur.
585 5189 624 5251 de
645 5189 692 5252 his
712 5191 801 5253 rebus
823 5190 991 5271 Geppertns
1012 5210 1043 5271 p.
1067 5193 1126 5254 561
1151 5196 1182 5253 st
1203 5189 1375 5253 Deiateleins
1396 5209 1429 5271 p.
1451 5193 1588 5254 to-ta.
