4726 6270
952 550 1156 630 Qvaeatiooee
1181 554 1397 620 Terentianae.
1905 557 1943 620 51

360 757 440 854 ejus
473 755 601 852 lugere
632 760 767 850 posset,
801 751 1020 828 confidenter
1046 753 1156 827 verba
1180 752 1345 843 mutavit;
1372 751 1581 848 addiditqve
1607 753 1893 849 explicationem,
1921 777 1991 851 qva

360 875 635 974 „gravitatem“,
663 895 754 968 qvae
779 872 880 947 nulla
905 880 972 964 est,
999 872 1153 968 aliqvam
1179 879 1298 947 tamen
1324 880 1432 970 atqve
1457 872 1548 947 adeo
1573 873 1721 948 multam
1746 873 1830 949 huic
1856 897 1992 950 comoe-

360 997 441 1072 diae
468 1018 560 1087 esse,
588 993 646 1068 cui
671 994 752 1067 ideo
779 992 868 1067 duas
895 992 1039 1067 dermas
1064 992 1242 1089 ascriptas
1268 993 1491 1088 opinabatur,
1519 993 1625 1067 facile
1651 993 1861 1084 concedens,
1889 1017 1993 1092 prop

359 1126 416 1192 ter
437 1114 615 1213 jocularia
641 1112 748 1188 etiam
774 1112 923 1186 sinistra
947 1134 1037 1208 opus
1062 1113 1176 1187 fuisse
1203 1121 1334 1187 narrat.
1387 1113 1437 1187 Et
1462 1113 1555 1188 idem
1582 1113 1661 1188 siue
1688 1113 1795 1188 dubio
1820 1112 1926 1189 homo
1945 1115 1992 1190 ad

361 1235 559 1332 Adelphos,
596 1256 663 1308 sua
698 1232 742 1307 de
774 1232 875 1307 tibiis
906 1233 1085 1306 sententia
1111 1233 1249 1324 ductus,
1276 1256 1382 1328 qvam
1409 1233 1515 1308 etiam
1540 1233 1600 1307 hic
1627 1234 1841 1330 explicatam
1867 1236 1991 1326 voluit,

361 1357 472 1431 verba
496 1355 586 1430 haec
612 1353 772 1449 scripsit:
801 1350 1011 1446 „Modulata
1037 1359 1093 1426 est
1119 1360 1236 1427 autem
1263 1351 1364 1429 tibiis
1390 1351 1544 1446 dextris,
1571 1351 1614 1428 id
1637 1359 1694 1428 ert
1709 1352 1857 1454 Lydiis,
1876 1352 1921 1431 ob
1937 1377 1992 1430 se·

361 1476 455 1551 riam
486 1472 715 1572 pravitatem,
750 1496 821 1569 qva
845 1473 921 1548 iere
947 1473 985 1546 in
1011 1473 1175 1547 omnibus
1202 1474 1395 1548 comoediis
1421 1474 1532 1549 utitur
1557 1474 1616 1548 hic
1641 1481 1784 1571 poeta“.
1837 1475 1992 1566 Etenim,

362 1597 441 1670 sive
474 1594 537 1669 ille
563 1594 693 1668 seriam
720 1593 935 1688 gravitatem
962 1593 1180 1667 canticorum
1206 1593 1313 1688 hujus
1339 1593 1482 1669 fabulae
1507 1595 1586 1690 ipse
1613 1594 1875 1685 animadvertit,
1903 1595 1992 1685 sive,

361 1724 401 1791 ut
426 1721 574 1811 propter
599 1715 711 1788 verba
736 1713 868 1787 ibidem
895 1713 1083 1809 seqventia
1107 1713 1315 1787 credibilius
1342 1721 1408 1804 est,
1436 1738 1459 1788 a
1483 1714 1626 1789 Donato
1648 1715 1723 1810 jam
1747 1737 1995 1790 commemora·

361 1844 433 1910 tam
461 1834 563 1924 vidit,
593 1832 760 1908 Sarranis
787 1855 865 1907 eam
892 1833 1043 1928 exprimi
1069 1855 1140 1907 non
1165 1834 1327 1929 potuisse
1354 1857 1433 1909 cum
1460 1834 1531 1908 sibi
1557 1834 1809 1931 persvasisset,
1829 1836 1876 1910 iis
1896 1836 1995 1910 tibiis

363 1956 509 2031 dennas
544 1954 603 2029 vel
638 1952 779 2052 Lydias
812 1952 1008 2026 substituit.
1061 1951 1189 2027 Restat
1220 1954 1338 2028 dicere
1365 1954 1409 2028 de
1435 1954 1493 2028 his
1518 1954 1557 2028 in
1582 1955 1717 2029 Donati
1743 1956 1787 2029 de
1814 1957 1998 2031 comoedia

366 2077 512 2172 scripto,
548 2075 587 2149 in
621 2074 752 2169 qvibus
785 2072 914 2147 menda
947 2072 1069 2146 inesse
1104 2072 1280 2148 Boeckhii
1312 2074 1450 2170 ingenii
1479 2074 1575 2149 acies
1601 2074 1794 2149 intellexit:
1830 2072 1998 2153 Dextrae

364 2202 483 2272 antem
519 2205 556 2269 et
588 2190 738 2292 Lydiae
770 2214 839 2267 aaa
871 2190 1052 2289 pravitate
1082 2191 1218 2267 ceriam
1249 2192 1461 2270 comoediae
1486 2193 1678 2270 dictionem
1696 2194 1997 2295 pronuntiabant.

363 2312 548 2392 Sinistrae
575 2320 613 2388 et
636 2310 824 2389 Serranae
849 2310 1028 2387 acuminis
1053 2311 1198 2387 lenitate
1212 2312 1343 2412 jocum
1370 2313 1407 2389 in
1427 2312 1615 2390 comoedia
1635 2313 1881 2391 ostendebant.
1927 2315 1999 2390 His

364 2436 472 2511 etiam
499 2434 620 2510 verbis
646 2433 718 2508 ista
743 2432 1005 2529 praelationum
1031 2432 1077 2505 ad
1102 2431 1283 2508 Donatum
1309 2441 1490 2508 auctorem
1516 2435 1642 2509 referri
1668 2435 1748 2508 visa
1770 2443 1867 2526 sunt;
1891 2443 1929 2510 at
1947 2437 1998 2510 ni·

363 2556 417 2631 hil
443 2555 561 2629 minus
587 2553 853 2628 concedendum
879 2560 944 2627 est.
999 2550 1084 2626 Una
1108 2575 1189 2626 cum
1215 2554 1496 2650 praefationibus
1522 2560 1559 2628 et
1580 2555 1843 2629 commentariis
1864 2555 1999 2630 Donati

364 2678 411 2752 ad
442 2685 603 2773 tempora
634 2674 834 2749 recentiora
859 2674 1025 2769 pervenit
1049 2673 1118 2747 hoc
1144 2673 1306 2770 ejusdem
1333 2673 1427 2769 qvod
1451 2673 1601 2747 inscribi
1627 2673 1720 2748 solet
1745 2674 1790 2748 de
1817 2675 2000 2749 comoedia

365 2798 439 2893 (vel
466 2797 573 2871 etiam
600 2795 645 2869 de
671 2794 858 2891 tragoedia
884 2801 920 2868 et
946 2795 1143 2889 comoedia)
1168 2795 1418 2889 fragmentum,
1442 2793 1559 2888 idqve,
1581 2814 1676 2867 nunc
1694 2794 1868 2885 mutilum,
1889 2795 2000 2870 totius

365 2917 486 3014 operis
511 2915 646 2991 Donati
673 2914 716 2988 de
743 2913 907 2988 Terentii
932 2913 1065 2989 fabulis
1092 2913 1310 3009 prooemium
1335 2913 1415 3004 ruit,
1442 2913 1489 2987 ad
1515 2912 1610 3007 qvod
1631 2913 1712 2987 ideo
1734 2913 1887 2989 lectores
1907 2915 2000 2990 dele·

365 3044 497 3134 gantur
529 3036 569 3110 iu
602 3034 822 3131 praelatione
859 3034 937 3107 sive
972 3041 1183 3129 argumento
1211 3033 1456 3129 Adelphorum
1481 3032 1651 3107 hocloco
1678 3034 1727 3130 (p.
1755 3034 1888 3110 XVIII
1914 3036 1997 3110 edit.

364 3156 519 3252 Klotz.):
553 3155 741 3250 „Protasis
768 3162 824 3229 est
850 3154 1064 3245 turbulenta,
1093 3154 1242 3250 epitasis
1268 3155 1436 3244 clamosa,
1465 3154 1693 3249 catastrophe
1718 3153 1822 3245 lenis,
1852 3177 2000 3252 qaorum
2123 3230 2124 3234 ,

357 3276 522 3378 partium
549 3274 726 3352 rationem
753 3271 966 3371 diligentins
986 3273 1023 3349 in
1037 3273 1223 3373 principio
1233 3272 1508 3374 proposuimm,
1527 3295 1606 3348 cam
1626 3270 1672 3347 de
1689 3272 1878 3350 comoedia
1896 3298 2000 3374 qaae·

367 3395 450 3471 darn
482 3394 723 3472 diaeremua“.
775 3395 897 3469 Locus
929 3393 1105 3469 indicatus
1130 3393 1190 3468 hic
1217 3401 1286 3468 est:
1322 3393 1510 3487 „Protasis
1537 3399 1593 3467 est
1619 3392 1754 3488 primus
1780 3404 1882 3469 actus
1908 3396 2000 3470 initi·

366 3538 495 3612 umqve
527 3516 709 3606 dramatis,
742 3538 812 3610 qvo
838 3536 923 3611 pars
949 3514 1151 3610 argumenti
1177 3514 1387 3609 explicatur,
1416 3535 1501 3609 pars
1528 3513 1696 3587 reticetur
1721 3513 1768 3587 ad
1794 3515 1917 3610 populi
1943 3539 2000 3590 en·

368 3637 622 3733 spectationem
649 3635 850 3710 tenendam.
890 3634 1053 3731 Epitasis
1079 3637 1159 3708 est“
1187 3657 1218 3708 e.
1245 3658 1280 3730 q.
1308 3657 1338 3708 s.
1353 3634 1399 3729 ⁴³).
1445 3635 1571 3729 Itaqve
1597 3632 1733 3707 nullius
1756 3641 1812 3708 est
1830 3635 2000 3710 audaciae

367 3757 421 3831 sic
448 3756 593 3846 sentire,
621 3755 883 3829 emendatorem
910 3776 990 3827 eum
1017 3775 1104 3828 sane
1130 3754 1417 3845 audacissimum,
1437 3754 1499 3849 qvi
1519 3753 1608 3827 duos
1628 3752 1713 3828 illos
1730 3753 1830 3828 locos
1847 3755 1884 3828 in
1902 3777 2001 3852 prae·

366 3876 562 3950 sationibus
588 3875 768 3971 corrigere
796 3874 867 3949 sibi
893 3874 994 3948 visus
1020 3879 1087 3964 est,
1115 3873 1221 3948 simul
1242 3874 1385 3948 tertium
1406 3875 1444 3948 in
1469 3873 1593 3948 eodem
1612 3873 1705 3949 libro
1723 3874 1775 3949 ita
1793 3875 2000 3965 mutavisse,

367 4003 407 4071 ut
432 4019 486 4088 ea,
514 4018 605 4093 qvae
633 3995 677 4070 de
703 3995 862 4069 sinistris
889 4002 926 4069 et
952 3992 1119 4070 Sarranis
1146 3993 1241 4068 dicta
1267 4002 1378 4085 erant,
1406 3994 1452 4068 ad
1479 3994 1624 4069 dextras
1647 4003 1683 4069 et
1704 3995 1855 4095 Lydias,
1876 4017 1999 4093 eaqve,

368 4139 460 4213 qvae
495 4116 540 4191 de
567 4115 643 4206 bis,
680 4115 726 4190 ad
760 4114 845 4189 illas
877 4112 1049 4205 traheret;
1077 4137 1183 4211 qvam
1210 4114 1325 4210 ipsam
1350 4115 1645 4210 permutationem
1670 4115 1739 4190 hoc
1764 4115 1844 4190 loco
1870 4117 2001 4190 iactam

368 4259 451 4311 esse
485 4235 587 4326 vidit,
624 4235 690 4310 sed
724 4234 969 4332 negligentiae
1003 4235 1042 4309 iu
1077 4233 1300 4331 excerpendo
1334 4235 1513 4309 admissae
1549 4235 1751 4330 assignavit
1781 4257 1896 4331 neqve
1929 4236 2001 4310 ullo

367 4357 473 4432 modo
499 4379 579 4431 cum
606 4355 745 4431 duobus
771 4357 1031 4453 praefationum
1057 4356 1148 4430 locis
1174 4355 1375 4450 composuit
1400 4353 1606 4430 Boeckhius
1619 4354 1687 4450 ”l
1727 4353 1863 4429 Donati
1883 4364 2001 4430 autem

468 4578 501 4656 l)
521 4580 578 4640 His
600 4580 700 4642 verbis
720 4580 797 4640 inter
817 4596 850 4640 se
872 4579 1023 4658 conjungi,
1046 4579 1098 4640 uni
1120 4580 1235 4640 auctori
1257 4577 1461 4647 vindicandos,
1483 4577 1708 4639 commentarios
1729 4578 1840 4639 Donati
1863 4585 1893 4639 et
1914 4580 2000 4641 libel-

368 4684 427 4745 lum
451 4683 489 4744 dc
510 4683 663 4745 comoedia
683 4684 857 4759 inscriptum
880 4683 955 4744 vidit
972 4683 1036 4761 jam
1058 4681 1232 4759 Sohopenur
1253 4682 1284 4742 in
1305 4683 1408 4743 Museo
1430 4680 1523 4742 liban.
1545 4682 1615 4742 anni
1640 4684 1732 4749 1827,
1752 4699 1784 4758 p.
1809 4685 1878 4743 155.

470 4802 521 4879 **)
551 4803 634 4864 Dicit
662 4803 739 4863 enim
767 4821 797 4879 p.
831 4804 889 4862 166
920 4807 990 4863 ante
1016 4802 1107 4863 libelli
1133 4802 1172 4862 de
1200 4801 1354 4864 comoedia
1381 4801 1473 4862 rerba
1494 4819 1514 4862 a
1535 4819 1568 4862 ee
1588 4801 1719 4879 prolata:
1752 4803 1852 4879 Geaen
1874 4804 1923 4862 die
1945 4819 2000 4861 an·

368 4908 441 4967 aare
470 4906 615 4982 nanae
643 4907 697 4967 aa
724 4883 898 4983 amara,
926 4906 1152 4968 anemonen
1181 4907 1231 4967 are
1258 4904 1333 4967 rrae
1358 4906 1481 4966 anatra
1503 4907 1561 4968 aen
1583 4905 1718 4984 oncant,
1741 4908 1791 4967 are
1813 4907 1921 4965 aetna
1944 4906 2002 4966 aen

369 5009 448 5069 Basa
476 5008 575 5083 apiete,
606 5008 681 5069 oder
701 5008 778 5081 jene
805 5008 908 5085 boba,
937 5010 1019 5070 diere
1044 5010 1132 5082 rtefer
1156 5009 1240 5085 aene,
1264 5011 1361 5070 tarsen
1382 5009 1445 5070 rien
1466 5009 1535 5070 aeltr
1555 5011 1740 5085 oembndete
1760 5010 2003 5084 Etnnendanpen

369 5108 505 5177 macben.
540 5111 584 5170 da
614 5112 659 5172 eie
686 5111 786 5187 einzia
814 5113 877 5186 auf
898 5113 964 5173 dem
991 5111 1151 5188 Zenpnbse
1178 5113 1232 5174 der
1259 5111 1389 5186 ridsacb
1416 5111 1592 5173 cerderbten
1619 5114 1766 5173 andron
1799 5111 2006 5173 Unrmasenden

370 5214 578 5290 interpotirten
599 5213 738 5275 Domana
756 5217 795 5275 de
815 5217 975 5290 tragoedia
997 5222 1026 5275 a
1045 5214 1202 5276 comoedia
1223 5213 1344 5296 tonan
1369 5219 1399 5275 et
1419 5213 1582 5292 posthaec
1604 5214 1695 5276 verba
1717 5213 1790 5274 nibil
1810 5213 1895 5275 addit
1915 5231 2004 5292 prae-
