4740 6270
929 527 1134 607 Qroertionsr
1158 529 1376 596 Terentianae.
1887 530 1927 593 ll

337 730 489 820 unimus,
525 729 679 806 ridicula
710 728 868 806 namatio
893 727 1129 805 Parmenonis
1154 735 1191 804 ot
1216 726 1432 824 colloqvium
1458 724 1652 802 Bacchidis
1677 749 1757 802 oum
1784 750 1839 818 oo,
1867 727 1971 823 cujus

337 873 430 926 nova
455 850 627 924 noscendi
653 847 832 945 cupiditas
857 848 918 923 hio
944 870 1084 946 qvoqve
1111 856 1147 922 et
1171 847 1367 943 instigatur
1392 853 1428 921 et
1452 846 1601 936 fallitur,
1623 868 1702 920 cum
1722 848 1850 942 quibus
1869 855 1970 923 actus

336 971 453 1048 ultimi
487 968 674 1065 principiis
706 968 816 1042 tibiae
845 967 973 1057 laetae,
1001 968 1034 1042 si
1060 967 1167 1058 ullae,
1194 973 1448 1063 congruerunt.
1500 965 1619 1062 Atque
1646 965 1731 1041 hino
1756 967 1971 1064 intelligitur

337 1093 447 1167 verba
480 1087 580 1166 tibiis
604 1085 764 1187 paribus
789 1093 866 1164 totu
890 1089 998 1185 plane
1025 1089 1089 1176 sio,
1117 1095 1156 1161 ut
1182 1087 1228 1161 ad
1254 1084 1439 1175 Andriam,
1468 1085 1681 1182 explicanda
1707 1108 1800 1174 esse,
1827 1086 1970 1162 tametsi

336 1208 549 1286 vicissitudo
575 1208 778 1282 dextrarum
804 1215 841 1282 ot
866 1208 1092 1282 sinistrarum
1118 1229 1190 1281 non
1216 1206 1255 1280 in
1280 1205 1348 1280 hac
1374 1206 1558 1280 comoedia
1581 1205 1678 1294 talis,
1700 1204 1817 1301 qvalis
1836 1207 1873 1280 in
1893 1206 1968 1296 illa,

336 1332 415 1418 fuit,
443 1328 508 1404 sed
532 1329 642 1403 tibiae
669 1327 816 1403 dextrae
843 1328 955 1404 semel
980 1328 1159 1402 admissae
1186 1333 1314 1423 postea
1339 1333 1556 1400 manserunt.
1610 1327 1716 1401 Patet
1736 1325 1843 1407 simul
1864 1327 1971 1401 etiam

336 1450 437 1538 illud,
474 1449 512 1522 in
545 1446 613 1521 hac
647 1455 749 1543 parte
779 1447 876 1521 tituli
906 1447 1076 1547 Hecyrae
1102 1446 1203 1537 nihil,
1231 1468 1347 1541 neqve
1374 1446 1578 1521 dextrarum
1602 1469 1717 1543 neqve
1744 1445 1970 1527 sinistrarum

337 1591 476 1659 nomeu,
504 1568 631 1644 otalii
657 1568 820 1643 arbitrati
846 1567 989 1663 sunt*)‚
1024 1567 1213 1657 excidisse,
1243 1565 1308 1641 sed
1333 1587 1431 1640 more
1457 1565 1497 1641 in
1522 1566 1731 1640 didascaliis
1757 1573 1902 1662 recepto
1929 1566 1971 1642 o·-

336 1686 409 1766 biis
428 1686 586 1788 poribus
610 1710 676 1786 pro
703 1685 805 1765 tibiis
821 1685 981 1788 paribus
1008 1685 1151 1762 dexoie
1171 1691 1209 1761 et
1225 1684 1327 1763 tibiis
1335 1683 1500 1786 paribus
1513 1685 1676 1763 sinistris
1695 1688 1870 1784 scriptum
1888 1708 1970 1767 esse

336 1810 415 1905 (cir.
444 1831 554 1906 supra
579 1832 614 1906 p.
647 1809 719 1905 19).

437 2133 543 2226 Qvod
568 2133 750 2230 pollicitus
777 2156 874 2208 eram
899 2133 987 2224 fore,
1014 2139 1055 2208 ut
1081 2132 1125 2207 de
1152 2133 1252 2208 tibiis
1271 2141 1356 2209 ante
1374 2134 1470 2210 dicta
1487 2132 1526 2209 in
1544 2135 1737 2212 comoediis
1754 2137 1970 2233 perlustran-

336 2255 393 2330 dis
427 2253 722 2329 confirmarentur
756 2255 806 2352 (p.
839 2259 883 2330 17
912 2253 996 2354 sq.),
1023 2253 1161 2348 idjam
1186 2253 1372 2352 impletum
1398 2277 1478 2330 esse
1505 2255 1642 2353 opinor.
1694 2255 1801 2331 Nono
1826 2256 1863 2330 in
1891 2279 1970 2330 con·

335 2384 462 2472 spectu
495 2397 625 2471 ponam
660 2374 801 2450 cantica
835 2373 999 2450 Terentii
1034 2380 1070 2448 et
1104 2373 1265 2448 immixta
1299 2373 1346 2448 iis
1379 2374 1541 2449 diverbia
1570 2375 1617 2449 ad
1642 2377 1752 2451 tibias
1777 2376 1968 2464 modulata,

335 2503 521 2593 praeterea
554 2495 600 2570 ad
634 2495 777 2571 fabulas
809 2495 910 2570 tibiis
936 2517 1058 2569 earum
1083 2494 1276 2583 annotatis,
1304 2493 1449 2570 omissis
1475 2489 1594 2570 autem
1620 2496 1657 2570 in
1683 2495 1751 2571 hac
1776 2497 1898 2572 tabula
1923 2495 1970 2570 iis

333 2616 559 2714 longioribus
582 2624 685 2691 extra
709 2616 849 2690 cantica
874 2615 1058 2704 diverbiis‚
1095 2637 1186 2712 qvae
1212 2614 1258 2689 ed
1284 2615 1443 2690 tibicinis
1469 2623 1613 2692 cantum
1638 2617 1866 2714 pronuntiata
1889 2638 1970 2691 esse

335 2736 512 2826 videntur,
539 2735 624 2832 qvia
649 2736 793 2811 omniuo
818 2735 1012 2812 incertiore
1036 2742 1131 2827 suut,
1159 2758 1253 2831 qvae
1276 2736 1322 2810 de
1347 2735 1406 2811 his
1432 2737 1638 2834 suspicatus
1664 2761 1754 2813 sum.

558 2975 748 3051 Andria.
802 2975 897 3054 Acta
922 2973 1023 3052 tibiis
1039 2971 1204 3076 poribus
1226 2973 1378 3073 (dextris
1403 2984 1440 3052 et
1465 2976 1638 3074 sinistris)
1664 2981 1750 3055 toto.

441 3129 501 3227 1α)
539 3130 680 3207 Versus
713 3131 856 3206 fabulae
895 3129 1124 3207 175-1832i
1156 3128 1296 3204 initium
1332 3128 1454 3227 (actus
1486 3132 1536 3209 ai
1571 3154 1703 3207 scenae
1738 3137 1815 3208 ttae
1840 3152 1970 3206 versus

336 3250 490 3326 4-122i
514 3249 669 3347 initium)
694 3251 794 3347 prior
818 3273 905 3348 pars
930 3249 1072 3338 cantici,
1100 3270 1180 3323 cum
1206 3249 1379 3327 diverbio.
1436 3249 1495 3348 td)
1524 3251 1572 3329 V.
1599 3254 1625 3329 f.
1653 3258 1855 3330 too-214
1884 3254 1967 3350 (act.

335 3371 387 3445 2:i
412 3392 463 3445 sc.
492 3376 573 3446 22ae
600 3394 633 3443 v.
667 3371 778 3463 1-9)
803 3371 982 3467 posterior
1006 3391 1091 3466 pers
1118 3369 1260 3444 cantici
1314 3369 1398 3446 vid.
1426 3394 1463 3467 p.
1492 3376 1539 3449 67
1567 3395 1622 3469 sq.

437 3490 477 3584 2)
511 3488 557 3565 V.
594 3490 620 3564 f.
649 3493 850 3567 236-264
878 3494 962 3587 (act.
992 3489 1044 3566 2:i
1068 3512 1120 3563 sc.
1148 3494 1232 3565 tzae
1256 3513 1293 3564 r.
1321 3493 1460 3587 1-29)
1486 3492 1663 3567 canticum
1689 3513 1771 3567 cum
1796 3491 1966 3566 diverbio.

334 3609 419 3685 Vld·
438 3632 484 3823 31)
509 3615 573 3804 ll!
591 3728 617 3803 f.
655 3732 852 3806 338-343
886 3730 972 3826 (act.
1000 3728 1064 3805 3:11
1090 3750 1142 3803 so.
1170 3734 1251 3804 2:ac
1276 3750 1311 3801 v.
1344 3728 1457 3826 1-6)
1482 3731 1662 3806 canticum
1686 3753 1767 3806 cum
1793 3731 1965 3807 diverbio.

334 3848 418 3924 Μ
436 3853 662 4064 godwi.
689 3969 714 4042 f.
745 3973 818 4047 599
846 3967 900 4067 (in
923 3966 1011 4064 tine)
1038 3972 1163 4045 -cot
1196 3970 1279 4066 (act.
1308 3968 1373 4047 :nii
1399 3993 1449 4045 sc.
1483 3977 1589 4048 moe
1611 3997 1646 4049 v.
1678 3974 1790 4068 1-6)
1816 3980 1853 4048 et
1877 3993 1912 4044 v.
1939 3970 1965 4045 t.

436 4261 469 4338 ⁴)
491 4261 712 4335 Wilmannsius,
735 4260 783 4322 cui
806 4260 896 4322 tritas
917 4259 1039 4322 dextras
1061 4260 1165 4321 tristes
1184 4259 1279 4322 rideri
1301 4261 1438 4337 vidimus,
1459 4261 1531 4324 dicit
1552 4281 1586 4342 p.
1607 4265 1659 4324 47:
1683 4262 1791 4338 „Quod
1815 4263 1852 4323 sd
1867 4263 1968 4341 Hecy-

334 4383 396 4426 ram
418 4364 558 4441 pertinet‚
587 4383 653 4425 cum
676 4381 782 4425 omnes
800 4369 892 4424 testes
914 4382 979 4425 eam
1001 4363 1082 4424 tibiis
1104 4364 1227 4441 paribus
1246 4368 1345 4427 actam
1365 4381 1431 4426 esse
1452 4366 1651 4438 consentiant,
1674 4372 1772 4428 utrum
1794 4366 1907 4427 dextris
1928 4383 1967 4427 an

333 4468 462 4528 sinistris
485 4474 650 4545 temperata
670 4466 760 4528 tuerit
781 4468 943 4528 nescimus:
965 4467 1124 4528 verisimile
1146 4473 1245 4528 autom
1267 4472 1322 4542 ost,
1342 4468 1369 4528 si
1391 4468 1483 4530 totius
1498 4468 1618 4530 tabulae
1633 4474 1768 4530 naturam
1784 4467 1968 4545 respicimus,

333 4571 414 4631 tibiis
436 4569 550 4633 dextris
572 4571 721 4633 tibicinem
744 4570 918 4633 cecinisse“.
961 4571 1000 4631 ut
1021 4569 1165 4632 Boeclrlrii
1186 4570 1224 4632 ds
1245 4570 1327 4631 tibiis
1348 4571 1486 4647 Hecyrae
1507 4571 1581 4633 haec
1601 4577 1672 4633 suut
1685 4590 1716 4649 p.
1734 4575 1810 4633 169:
1835 4571 1898 4632 Von
1913 4573 1969 4632 der

332 4675 463 4749 Hecyra,
493 4677 540 4734 atr
567 4676 651 4736 citer
677 4675 887 4737 mermes
909 4675 1067 4749 Renoua,
1089 4673 1501 4751 marmaritanorum
1519 4677 1637 4738 reddere
1655 4675 1876 4750 Beetimrruno)
1897 4675 1968 4749 ous-

331 4777 457 4852 pefitlrrt
476 4780 606 4844 mordeo,
630 4774 996 4850 ceremonensem,
1020 4779 1093 4837 durs
1111 4779 1155 4839 rie
1175 4779 1228 4838 rrrit
1246 4779 1338 4853 tiesen
1361 4777 1497 4856 (Floten)
1521 4778 1657 4856 depleitet
1678 4781 1789 4840 narde.
1833 4777 1914 4838 ldem
1936 4795 1967 4855 p.

335 4881 411 4940 167:
433 4879 518 4942 Stett
531 4897 657 4957 parer
676 4883 776 4949 ultan.
798 4882 854 4943 rrr'e
873 4882 906 4943 in
926 4882 986 4943 der
1002 4878 1182 4943 Didarkude
1202 4882 1258 4945 der
1278 4882 1410 4959 Hecura,
1432 4898 1467 4943 rc
1483 4883 1562 4958 selrlt
1576 4885 1626 4946 die
1638 4885 1753 4945 ndtm
1766 4882 1969 4956 Berttmmanp

333 4999 390 5044 utra
408 4984 647 5060 Nacttdsriplceit
668 4985 724 5045 der
748 4983 968 5048 Grunrmotilcer
989 4984 1065 5044 oder
1086 4982 1292 5045 Abrclrreilrer.
1335 4985 1381 5045 Ac
1402 5002 1440 5046 ne
1461 4985 1542 5064 qvod
1564 5003 1659 5066 genus
1674 4987 1823 5065 opinionis
1837 4985 1965 5055 abesset,

332 5102 371 5146 ne
392 5087 518 5147 maxims
539 5086 658 5162 qvidem
678 5085 795 5157 telsum,
824 5086 952 5149 Kohlius
972 5103 1004 5162 p.
1028 5088 1069 5146 st
1092 5086 1148 5146 riri
1170 5086 1276 5147 summi
1296 5086 1391 5148 rerba
1411 5086 1456 5149 ita
1476 5087 1642 5166 impugnat,
1663 5095 1697 5150 ot
1718 5088 1783 5167 ipse
1804 5088 1914 5149 hilares
1936 5094 1968 5150 et

332 5194 437 5251 acutas
458 5189 581 5250 dextras
601 5189 658 5251 toti
678 5189 748 5252 huic
769 5187 888 5250 isbnlss
909 5188 1068 5249 addixerit.
