4726 6270
474 514 514 578 66
1008 514 1229 582 Enusrons
1255 535 1278 582 a
1303 516 1475 583 Bruuius.

421 709 579 810 poribus
605 709 747 786 dextris
774 716 812 786 et
834 712 1005 789 sinistris.
1060 711 1112 788 Iit
1135 719 1193 789 cst
1208 721 1283 791 tota
1307 712 1450 792 Graeca
1468 722 1534 790 cet.
1559 757 1601 768 -
1627 757 1670 769 -
1697 757 1737 770 -
1762 712 1949 792 Diucrbiis
1966 722 2004 791 ct
2014 718 2058 806 11)

429 830 581 906 canticis
607 829 728 931 ltpride
754 830 927 908 distincta
953 838 1020 908 cst.

529 952 610 1027 Hoc
644 953 723 1027 loeo
758 954 998 1049 quaerendum
1033 954 1091 1044 sit,
1126 977 1209 1028 num
1245 954 1335 1029 satis
1367 953 1454 1028 fidei
1478 954 1516 1027 in
1542 954 1610 1028 hac
1636 976 1675 1027 re
1701 954 1801 1050 operi
1827 954 1961 1030 Donati
1988 956 2058 1030 soli

427 1072 578 1168 adjungi
609 1073 734 1168 possit,
769 1097 849 1147 cum
875 1074 913 1150 id
940 1073 984 1148 de
1011 1082 1118 1149 cantu
1144 1074 1310 1148 tibiarum
1335 1074 1373 1148 in
1400 1073 1576 1171 Adelphis
1602 1081 1638 1148 et
1664 1074 1839 1149 Eunucho
1866 1082 1940 1148 tam
1963 1074 2059 1150 falsa

426 1192 624 1267 tradiderit.
678 1191 728 1270 At
761 1193 799 1269 in
835 1195 960 1269 eodem
994 1216 1102 1290 opere
1138 1218 1157 1268 c
1191 1195 1290 1269 fonte
1317 1202 1458 1269 vetusto
1483 1216 1608 1269 verum
1634 1194 1679 1268 de
1705 1194 1804 1268 tibiis
1829 1194 2058 1270 Phormionis

426 1312 592 1387 haustum
627 1335 708 1388 esse
743 1313 847 1387 nobis
881 1315 998 1388 visum
1032 1322 1099 1404 est,
1135 1337 1251 1412 neqve
1286 1314 1330 1389 de
1364 1314 1533 1414 Hecyrae
1564 1314 1707 1409 quidem
1734 1314 1859 1409 „tibiis
1884 1315 2057 1411 paribns“

427 1432 462 1507 ei
496 1455 567 1506 non
602 1433 768 1510 convenit
801 1456 881 1512 cum
915 1434 1008 1509 libro
1043 1434 1217 1509 Bembino
1252 1442 1288 1510 et
1322 1457 1403 1509 cum
1425 1432 1616 1530 Calliopio.
1668 1434 1724 1509 Ac
1750 1434 1915 1529 qvoniam
1942 1435 2057 1509 omnis

428 1575 526 1627 error
551 1552 663 1644 illius,
689 1576 753 1648 per
779 1577 883 1650 qvem
909 1554 1066 1628 narratio
1092 1554 1226 1628 Donati
1250 1554 1297 1629 ad
1316 1553 1500 1650 Adelphos
1520 1561 1556 1627 et
1573 1553 1785 1628 Eunuchum
1805 1562 1972 1649 corrupta
1988 1563 2055 1644 eat,

344 1679 346 1682 ’
426 1673 464 1746 in
490 1671 558 1746 hoc
584 1673 759 1763 consistit,
787 1674 881 1768 qvod
908 1674 1030 1770 opinio
1056 1675 1136 1768 eJus
1161 1674 1316 1748 hominis
1341 1674 1580 1771 proprietates
1605 1674 1771 1748 tibiarum
1797 1674 1999 1749 dextrarum
2021 1683 2058 1749 et

426 1793 649 1871 sinistrarum
684 1792 777 1871 inter
811 1816 851 1868 se
882 1795 1109 1889 permutavit,
1142 1794 1243 1871 illum
1269 1803 1512 1891 corruptorem
1538 1795 1631 1869 sicut
1656 1794 1703 1868 ad
1728 1794 1897 1894 Hecyrae
1923 1797 2056 1888 „tibias

424 1917 568 2008 pares“,
598 1936 688 2008 qvae
714 1914 824 1988 verba
851 1915 1044 2009 separatim
1070 1937 1135 2010 per
1161 1937 1201 1988 se
1221 1916 1384 2010 qvodqve
1404 1937 1525 1990 eorum
1543 1937 1715 2010 generum
1733 1914 1929 1989 adhibitum
1947 1915 2056 2013 signi-

424 2031 534 2107 ficant
567 2034 646 2127 (cir.
679 2057 713 2129 p.
746 2039 790 2109 19
819 2036 954 2130 supra),
988 2035 1083 2111 falsa
1109 2035 1187 2129 ejus
1213 2035 1392 2109 sententia
1417 2035 1462 2109 de
1488 2034 1613 2111 horum
1639 2058 1810 2130 generum
1836 2035 1948 2124 sonis,
1975 2058 2055 2110 cum

425 2161 544 2226 tamen
569 2153 712 2228 fabulae
739 2162 924 2250 utrumque
951 2177 1065 2249 genus
1091 2155 1316 2250 assignatum
1342 2154 1491 2244 videret,
1519 2155 1565 2227 ad
1591 2155 1796 2229 mutandum
1815 2178 1888 2230 nou
1907 2178 2055 2230 commo·

426 2273 488 2363 vit,
524 2273 575 2348 ita
611 2274 655 2347 ob
689 2274 837 2348 eandem
870 2297 1015 2348 oausam
1041 2274 1090 2365 id,
1118 2274 1213 2373 qvod
1239 2275 1284 2349 de
1309 2274 1468 2351 Andriae
1495 2274 1594 2349 tibiis
1619 2274 1766 2369 paribus
1791 2274 1943 2350 relatum
1968 2284 2054 2367 erat,

423 2417 495 2468 non
522 2394 639 2489 magis
666 2393 788 2468 debuit
814 2395 1005 2468 offendere.
1058 2395 1102 2469 In
1128 2395 1349 2490 praefatione
1375 2401 1493 2468 autem
1517 2393 1625 2488 huJus
1652 2394 1865 2485 comoediae,
1890 2418 1981 2492 qvae
2002 2418 2055 2470 or-

424 2512 506 2587 dine
542 2514 657 2610 prima
691 2514 846 2587 omnium
881 2515 919 2588 in
953 2515 1055 2588 libris
1089 2522 1155 2603 est,
1182 2515 1275 2604 ideo,
1304 2522 1343 2589 ut
1363 2515 1440 2609 jam
1465 2520 1550 2587 ante
1575 2514 1740 2604 diximus,
1768 2515 1933 2589 Donatus
1959 2515 2056 2590 addi·

424 2633 521 2708 disse
548 2635 690 2707 videtur
716 2634 989 2729 explicationem
1008 2635 1169 2727 „dextris
1189 2643 1225 2709 et
1243 2634 1437 2722 sinistris“‚
1457 2657 1558 2730 qvae,
1577 2656 1651 2707 rem
1671 2634 1825 2708 dilucide
1845 2635 2053 2731 explanans,

423 2753 598 2827 immerito
632 2776 745 2848 nuper
777 2760 902 2827 contra
927 2754 1107 2829 Donatum
1133 2763 1170 2829 et
1196 2755 1274 2850 ejus
1300 2753 1407 2831 fidem
1433 2755 1557 2828 turbas
1582 2753 1694 2830 movit
1707 2755 1775 2847 ⁸).
1828 2755 1942 2829 Nemo
1968 2778 2055 2829 vero

424 2873 649 2962 dubitaverit,
687 2873 771 2969 qvin
806 2874 846 2947 in
879 2875 1085 2950 universum
1119 2898 1172 2964 ea,
1209 2898 1300 2971 qvae
1336 2873 1380 2948 de
1410 2873 1548 2948 Andria
1572 2874 1695 2948 fabula
1720 2883 1802 2947 acta
1827 2875 1990 2950 Donatus
2016 2875 2054 2948 in

422 2994 643 3089 praefatione
669 2993 798 3082 attulit,
827 3002 1008 3068 auctorem
1034 2994 1224 3070 habuerint
1249 2994 1492 3084 didascaliam,
1519 2995 1558 3068 in
1583 3017 1654 3090 qva
1682 3036 1727 3047 -
1748 2994 1787 3068 id
1806 2994 1900 3090 qvod
1919 2994 1964 3069 de
1984 3018 2054 3069 om·

423 3114 528 3188 nibus
564 3114 738 3209 ejusmodi
774 3114 959 3209 exemplis,
995 3122 1035 3189 ut
1069 3115 1177 3211 paulo
1211 3122 1294 3190 ante
1325 3114 1609 3205 memoravimus,
1637 3114 1788 3189 aliorum
1813 3115 2055 3210 intelligentia

423 3234 514 3308 vidit
547 3277 598 3288 -
632 3234 679 3308 ad
709 3235 817 3308 tibias
842 3236 1027 3331 pertinens
1054 3258 1125 3310 vox
1151 3240 1226 3311 tota
1252 3244 1372 3309 errato
1395 3242 1523 3331 postea
1548 3235 1662 3310 relata
1687 3243 1743 3310 est
1768 3234 1814 3309 ad
1839 3237 2053 3325 mentionem

422 3353 564 3428 fabulae
599 3362 727 3450 poetae
763 3353 906 3431 Graeci.
961 3355 1088 3452 Itaque
1122 3357 1232 3430 verba
1258 3355 1486 3448 didascaliae,
1514 3355 1608 3430 unde
1634 3362 1713 3429 orta
1739 3363 1823 3430 sunt
1848 3357 1981 3430 Donati
2008 3357 2052 3432 de

523 3628 555 3703 *)
577 3631 636 3690 Pro
658 3629 714 3691 boc
736 3637 765 3691 ct
786 3630 860 3690 male
883 3638 929 3691 est
948 3631 978 3690 in
1001 3631 1179 3708 quibusdam
1200 3631 1378 3693 editionibus
1401 3639 1462 3699 aut,
1485 3649 1661 3708 qvamqvam
1683 3633 1834 3693 elementis
1855 3633 1917 3693 suis
1941 3651 2051 3694 couve-

421 3733 551 3794 nienlius
581 3750 648 3793 cnm
677 3733 772 3800 initio,
801 3733 881 3794 unde
907 3735 1011 3811 incipit
1033 3735 1204 3796 mendosum
1225 3734 1297 3795 illud
1321 3736 1495 3796 auctenticis
1515 3735 1559 3808 (v.
1582 3740 1683 3796 annot.
1706 3735 1815 3795 Klotnii
1837 3753 1867 3811 p.
1892 3739 1910 3796 9
1933 3737 1991 3796 vol.
2018 3738 2050 3812 l)

420 3837 467 3896 vel
497 3836 673 3897 authenticis
700 3835 864 3910 (duerbiis
887 3839 1091 3911 authenticis),
1120 3838 1200 3914 qvod
1225 3839 1255 3897 in
1278 3838 1416 3899 omnibus
1435 3837 1518 3898 libris
1539 3837 1659 3914 scriptis
1681 3855 1747 3900 esso
1769 3839 1841 3899 dicit
1861 3838 2050 3899 Lindenbrn·

420 3939 504 3999 chius
526 3939 556 3997 iu
579 3937 717 3998 editionis
739 3938 1012 4008 Westerhovianae,
1036 3958 1123 4016 qvam
1146 3940 1355 4005 Stallbaumius
1377 3943 1502 4007 curavit,
1526 3942 1585 4002 vol.
1609 3944 1626 4001 6
1649 3959 1679 4017 p.
1706 3945 1776 4002 199.
1821 3941 1953 4018 Oonjicio
1975 3942 2049 4001 scri·

419 4041 547 4101 bendum
570 4059 635 4101 esse
657 4040 796 4102 diuerbiis
817 4048 916 4103 autem
938 4050 968 4103 et
989 4046 1122 4104 canticis

521 4142 572 4218 *11)
602 4144 648 4203 lia
669 4143 733 4220 jam
755 4149 824 4204 ante
846 4150 1075 4206 commemorata
1097 4152 1273 4223 spectamus,
1298 4165 1374 4225 qvae
1396 4146 1572 4209 Duiatzkiue
1591 4165 1650 4207 uon
1674 4147 1747 4207 bene
1768 4164 1864 4223 neqve
1885 4147 2047 4224 probabili-

419 4256 465 4309 ter
494 4246 614 4306 disserit
639 4265 669 4323 p.
702 4248 878 4318 sss—597,
907 4281 950 4292 -
979 4249 1071 4325 (qvae
1096 4247 1222 4310 Kohlius
1244 4268 1274 4326 p.
1299 4251 1337 4310 59
1361 4254 1390 4309 et
1414 4251 1452 4309 55
1476 4249 1513 4308 de
1535 4249 1684 4309 erroribus
1706 4268 1725 4308 a
1745 4248 1863 4309 Donato
1887 4248 2048 4311 commissis

418 4351 585 4417 somniavit,
609 4368 646 4409 ne
669 4349 759 4426 digna
781 4350 896 4427 quidem
919 4359 999 4419 sunt,
1023 4369 1098 4428 qvae
1121 4353 1330 4429 respiciantur)
1353 4373 1410 4420 -—;
1434 4369 1612 4428 quamquam
1633 4351 1682 4412 ille
1703 4352 1821 4413 Donato
1836 4352 1927 4413 verba
1941 4351 2048 4412 vitiosa

418 4454 496 4516 tibiis
510 4453 642 4530 panibus
663 4454 778 4514 dextras
799 4456 860 4514 uel
878 4456 1014 4525 sinistris,
1037 4473 1073 4515 ex
1096 4474 1155 4516 uno
1177 4456 1278 4517 codice
1300 4455 1436 4516 Parisino
1458 4464 1587 4530 sumpts.
1610 4455 1739 4515 tribuere
1755 4455 1874 4516 mavult
1912 4454 2047 4516 Ceterum

418 4557 463 4616 uir
485 4556 591 4617 doctus
612 4556 643 4615 in
666 4554 762 4627 titulo,
782 4557 861 4616 unde
883 4557 986 4618 relatio
1009 4559 1117 4633 Donati
1140 4559 1283 4636 originem
1306 4558 1402 4625 duxit,
1427 4556 1523 4618 lidiis·
1536 4557 1641 4632 (diu)
1657 4557 1787 4634 paribus
1804 4564 1867 4618 tota
1881 4557 2047 4634 fuissejam

417 4658 498 4725 dicit,
522 4664 552 4718 et
573 4660 616 4719 sic
638 4664 684 4718 est
706 4658 794 4719 etiam
817 4660 847 4719 in
869 4660 1001 4722 editione
1022 4661 1216 4722 Fleckeiseni.
1261 4660 1347 4736 Qvod
1370 4678 1440 4720 vero
1463 4692 1504 4704 -
1527 4666 1561 4720 ut
1582 4661 1696 4737 reliqua
1715 4660 1870 4726 Dniatnlxii,
1886 4678 1962 4736 qvae
1977 4665 2047 4721 ante

416 4762 576 4839 attigimus,
606 4761 655 4821 hic
677 4763 848 4823 omittamus
868 4796 912 4806 —
934 4768 1025 4840 negat
1046 4765 1089 4823 ita
1109 4764 1199 4825 scribi
1221 4765 1353 4841 potuisse
1374 4764 1411 4824 de
1435 4763 1559 4824 duarum
1581 4764 1750 4824 dextrarum
1770 4762 1951 4839 totidemque
1972 4762 2046 4822 sini·

415 4871 542 4925 utrarum
565 4863 777 4937 vicissitudine,
801 4864 976 4925 brevitatem
997 4865 1232 4943 significationis,
1261 4885 1326 4928 cum
1348 4866 1471 4926 aliarum
1493 4866 1622 4942 partium
1644 4867 1748 4928 horum
1770 4865 1923 4925 titulorum
1946 4865 2046 4927 brevi·

414 4967 567 5044 loquentia
594 4972 816 5043 congruentem,
846 4967 1053 5029 declarandam
1084 4975 1154 5029 ante
1180 4969 1282 5031 eodem
1311 4969 1376 5030 loco
1405 4969 1449 5045 (p.
1483 4972 1536 5045 19)
1560 4970 1752 5046 suscepimus,
1773 4986 1868 5044 neqve
1890 4967 1962 5028 illud
1982 4975 2046 5029 tota

414 5088 473 5130 uon
503 5077 582 5131 recte
610 5088 643 5130 se
670 5070 770 5138 habet,
801 5071 935 5133 additum
964 5077 997 5132 nt
1018 5072 1164 5133 indicaret
1185 5074 1283 5134 nullas
1305 5073 1395 5133 tibias
1416 5077 1535 5149 practer
1556 5072 1615 5134 duo
1637 5090 1747 5150 genera
1768 5072 1890 5132 alterms
1911 5071 2045 5131 adhibita

415 5171 481 5234 huic
502 5173 671 5235 comoediae
694 5191 768 5234 esse.
