4726 6270
420 509 461 572 62
956 501 1182 572 durannus
1204 522 1228 571 a
1251 504 1426 574 Bausta

376 705 529 802 gillotim
554 703 600 778 de
625 701 695 776 hae
721 700 905 776 comoedia
929 701 1142 798 adjiciamus
1171 744 1215 758 -
1243 725 1393 801 prorsus
1418 703 1564 781 eaedem
1586 713 1680 797 sunt,
1702 729 1850 804 quarum
1868 708 2008 785 ratione
2044 676 2058 689 .
2086 690 2097 703 ⁵

375 826 497 901 habita
530 821 734 919 negandum
770 829 826 896 est
858 821 1027 897 tibiarum
1060 844 1177 919 genus
1211 823 1612 903 Heautontimorumeno
1647 829 1758 904 semel
1791 829 1838 904 ab
1869 829 2007 905 artilioe

375 945 512 1022 musico
539 944 660 1018 datum
686 948 814 1038 postca
838 949 1011 1017 mutatum
1037 965 1134 1033 esse3
1161 966 1268 1038 quam
1292 944 1339 1018 ad
1364 946 1522 1020 fabulam
1544 947 1622 1042 jam
1647 948 1853 1024 transimus.

476 1065 543 1141 IV.
597 1063 1162 1138 Heautontimorumenos
1188 1071 1270 1138 acta
1294 1072 1361 1155 est,
1385 1067 1579 1142 secundum
1601 1067 1760 1143 codicem
1782 1069 2006 1159 Bembinum,

366 1188 527 1289 primum
553 1182 654 1260 tibiis
680 1180 892 1282 imparibus,
919 1180 1052 1258 deinde
1078 1180 1220 1258 duabus
1239 1181 1399 1273 dextri&
1420 1186 1794 1283 eodemqueredeunt,
1814 1197 2009 1284 quaesunt

373 1311 412 1383 in
438 1306 543 1382 libris
569 1303 808 1400 Calliopianis
834 1303 1101 1393 uetustioribus,
1119 1303 1247 1403 primo
1265 1328 1331 1401 pro
1341 1303 1503 1405 primum
1520 1305 1746 1397 habentibus,
1767 1309 1903 1384 nullius
1920 1332 2008 1385 uero

375 1426 545 1503 momenti
579 1433 662 1498 sunt
692 1424 846 1518 maj0res
877 1424 1070 1497 uarietates
1092 1423 1298 1518 junioribus
1323 1446 1445 1499 eorum
1471 1448 1537 1522 per
1561 1427 1815 1523 grammaticos
1841 1436 1878 1503 et
1900 1428 2008 1504 libra·

374 1549 449 1623 rios
483 1547 606 1620 illatae
618 1547 664 1640 ⁴¹).
719 1544 855 1619 Donati
887 1544 1143 1640 praefationem
1178 1551 1214 1618 et
1249 1545 1521 1620 commentarios
1555 1546 1602 1620 ad
1633 1546 1728 1622 hano
1752 1547 1909 1623 fabulam
1934 1571 2007 1624 non

376 1675 517 1742 exstare
544 1672 665 1740 notum
692 1670 758 1738 est.

476 1784 627 1862 Cantica
661 1791 745 1858 sunt
776 1782 856 1874 duo,
884 1806 1033 1879 quorum
1059 1791 1246 1881 utrumque
1271 1807 1295 1857 a
1320 1783 1468 1860 Wolffio
1493 1792 1653 1860 notatum
1679 1794 1716 1860 et
1741 1794 1842 1861 extra
1867 1808 2006 1862 omnem

374 1908 642 1994 dubitationem,
679 1904 749 1979 etsi
781 1904 842 1978 hic
875 1926 1016 2000 quoque
1050 1912 1171 1978 tacent
1205 1902 1360 1978 editores
1396 1913 1431 1978 et
1456 1904 1682 2000 interpretes,
1709 1906 1911 2002 ponendum
1938 1916 2005 1982 est.

374 2029 481 2103 Prius
513 2023 823 2121 comprehenditur
854 2032 957 2097 actus
988 2024 1035 2099 1:i
1060 2046 1169 2098 scena
1196 2027 1230 2111 3,
1258 2045 1350 2118 quae
1376 2024 1502 2098 ultima
1527 2032 1583 2099 est
1608 2026 1810 2122 (perperam
1835 2050 1859 2100 a
1882 2027 2007 2123 pleris-

374 2172 443 2245 que
478 2153 625 2220 uocatur
659 2151 727 2217 act.
765 2143 816 2219 ni
850 2165 901 2216 so.
942 2142 989 2238 1),
1017 2143 1040 2216 i.
1069 2166 1100 2217 e.
1128 2143 1292 2218 uersibus
1318 2144 1461 2219 fabulae
1488 2149 1702 2236 213-229,
1729 2147 1911 2242 posterius
1936 2157 2005 2223 aot.

375 2269 438 2346 szii
473 2290 524 2342 sc.
562 2271 583 2342 6
620 2266 726 2363 (quae
751 2263 845 2338 male
858 2262 915 2358 as)
942 2262 1148 2358 plerumque
1174 2263 1381 2339 inscribitur
1406 2263 1472 2339 IV.
1503 2266 1552 2359 2),
1580 2265 1615 2338 h.
1644 2289 1676 2341 e.
1705 2288 1800 2341 uers.
1825 2269 1852 2343 f.
1881 2273 2006 2346 668-

374 2394 460 2466 678.
513 2386 604 2483 Agit
637 2384 727 2458 illud
763 2381 923 2478 Clitipho
958 2381 1181 2471 adolescens,
1217 2383 1286 2458 hoc
1320 2382 1449 2483 Syrus,
1486 2385 1604 2459 audax
1638 2396 1674 2460 et
1699 2394 1841 2463 astutus
1867 2410 2006 2464 seruus.

374 2508 574 2603 Utrumque
614 2526 782 2579 uersuum
820 2502 1052 2577 iambioorum
1091 2504 1352 2579 octonariorum
1387 2513 1423 2579 et
1457 2505 1536 2580 siue
1570 2506 1903 2583 interlocutionibus
1938 2517 2005 2584 est.

373 2630 484 2702 Plura
513 2649 585 2699 non
611 2632 695 2699 sunt
720 2623 861 2697 cantica
886 2623 923 2696 in
948 2622 1018 2696 hac
1042 2622 1199 2698 stataria
1224 2625 1378 2721 (prolog.
1406 2648 1440 2697 u.
1470 2625 1544 2721 36).
1574 2674 1622 2683 -
1649 2626 1775 2722 Neque
1801 2628 1872 2702 nisi
1898 2651 2006 2704 unum

373 2746 572 2822 diverbium
597 2744 815 2819 modulatum
841 2744 1100 2831 annotabimus,
1129 2743 1280 2832 etiamsi,
1308 2743 1346 2817 id
1366 2744 1460 2840 quod
1481 2745 1541 2820 uix
1562 2745 1776 2838 dubitamus,
1796 2748 1902 2843 plura
1922 2749 2005 2824 sint.

371 2869 567 2964 Postquam
602 2862 763 2959 Clitipho
798 2864 974 2937 canticum
1009 2864 1095 2958 egit,
1131 2885 1201 2958 quo
1235 2864 1273 2937 in
1306 2870 1465 2938 extrema
1495 2867 1632 2961 protasi
1657 2873 1789 2940 statum
1815 2889 1933 2941 rerum
1958 2868 2006 2943 ad

371 3010 527 3064 amorem
560 2985 671 3080 huJus
705 2983 945 3058 adolescentis
980 2983 1204 3058 attinentium
1237 2985 1368 3080 exponi
1399 2992 1506 3080 poeta
1531 2985 1655 3076 uoluit,
1684 2993 1730 3078 et,
1758 3009 1838 3061 cum
1859 2987 2006 3083 juvenis

371 3096 532 3196 abiisset,
568 3105 701 3180 tibicen
732 3104 829 3178 assis
859 3103 958 3178 tibiis
989 3103 1174 3200 paulisper
1200 3104 1341 3195 cecinit,
1369 3105 1455 3181 noui
1479 3113 1581 3180 actus
1606 3106 1676 3181 hoc
1700 3108 1835 3182 factum
1860 3115 1917 3182 est
1941 3107 2006 3181 ini·

371 3230 458 3303 tium
485 3228 537 3324 (in
564 3250 597 3297 u.
625 3226 652 3298 f.
681 3228 915 3320 230-234);

372 3417 502 3495 cum.
548 3412 593 3491 Si
618 3411 704 3489 milri
727 3409 912 3488 secundae
938 3415 1001 3487 re's
1028 3410 1075 3487 de
1101 3435 1226 3488 amore
1251 3434 1330 3488 mco
1357 3415 1491 3508 essent,
1518 3414 1590 3490 iam
1617 3413 1751 3491 duddm
1776 3415 1855 3491 acio

556 3533 758 3613 uenissent:
784 3531 854 3608 scd
878 3538 1019 3624 uereor,
1045 3555 1092 3606 nc
1116 3532 1248 3608 mulier
1273 3555 1330 3607 me
1357 3532 1506 3610 obscure
1530 3531 1592 3610 hic
1617 3537 1790 3637 corrupta
1815 3535 1873 3610 sit.

554 3654 781 3732 Concurrunt
804 3653 916 3728 miella
942 3676 1020 3728 cam
1049 3652 1248 3753 opinionem
1275 3656 1372 3752 quoc‘
1397 3650 1486 3729 milui
1511 3655 1631 3732 animo
1659 3660 1883 3754 exaspeant:

554 3772 720 3867 Occasio,
748 3775 863 3867 locus,
890 3776 1008 3866 octos,
1033 3779 1149 3848 mater
1174 3777 1301 3870 quotus
1325 3773 1393 3850 sub
1420 3773 1595 3875 inperito!
1617 3776 1728 3869 molo,

553 3893 649 3986 Quot
683 3895 735 3969 otl
767 3894 839 3969 ium
865 3902 1021 3993 practer
1046 3892 1211 3993 pretium
1247 3891 1397 3969 dulccst.
1438 3894 1567 3971 CLIT,
1614 3893 1741 3972 Clinia.
1783 3894 1913 3972 CLIN.
1954 3893 2006 3972 Ei

1592 4013 1723 4090 misero
1750 4011 1848 4090 milri,

372 4189 488 4262 Breve
524 4186 700 4261 cauticum
734 4187 772 4260 in
807 4185 928 4259 uerbis
960 4182 1102 4260 Cliniae
1132 4185 1252 4259 inesse
1278 4185 1454 4281 opinarer,
1482 4185 1555 4260 nisi
1580 4209 1623 4260 ea
1649 4186 1751 4275 ratio,
1780 4209 1851 4282 qua
1877 4209 2005 4263 uersus

370 4309 516 4404 quintus
543 4307 662 4381 subito
689 4307 725 4379 in
753 4304 1032 4380 exclamationes
1057 4305 1275 4380 revenientis
1302 4303 1520 4402 Clitiphonis
1547 4314 1584 4380 et
1610 4305 1770 4380 exterriti
1796 4307 1842 4381 ab
1869 4329 1912 4381 eo
1931 4304 2004 4383 Cli·

371 4429 451 4504 niae
477 4428 562 4518 abit,
590 4426 683 4500 hano
710 4426 912 4523 opinionem
937 4426 1103 4500 refellere
1129 4424 1320 4501 uideretur.
1375 4423 1448 4500 Sed
1475 4425 1553 4500 sine
1580 4425 1690 4516 tibiis,
1723 4449 1802 4502 oum
1828 4425 1897 4502 hae
1922 4425 2004 4522 ipso

369 4551 540 4644 temporis
565 4555 743 4621 momento
769 4546 1042 4642 praegrediente
1069 4545 1285 4636 sonuissent,
1313 4545 1382 4620 hoc
1407 4544 1635 4642 soliloquium
1654 4546 1836 4642 querentis
1854 4546 2002 4622 allatum

369 4691 450 4744 esse
477 4691 548 4742 non
574 4667 797 4743 crediderim.

471 4787 597 4864 Omnis
632 4788 794 4886 quaestio
829 4786 966 4883 reliqua
1001 4786 1069 4860 erit
1101 4785 1146 4860 de
1172 4786 1271 4860 tibiis
1298 4786 1403 4861 etde
1429 4786 1566 4861 ratione
1592 4786 1686 4860 inter
1712 4809 1775 4861 eas
1801 4794 1837 4861 et
1862 4787 2003 4862 caruca

471 5048 504 5125 *)
533 5047 649 5124 Quibus
678 5046 773 5108 modis
801 5044 858 5106 hae
886 5062 987 5106 omnes
1013 5043 1230 5121 discrepantiae
1249 5012 1332 5104 ortae
1354 5043 1423 5115 sint,
1446 5041 1614 5120 Geppertus
1635 5061 1665 5119 p.
1691 5044 1752 5104 otu
1775 5060 1822 5120 sq·
1845 5050 1999 5106 monstrat.

471 5167 522 5243 “)
545 5167 619 5230 Cstr.
642 5168 796 5245 Kayserns
817 5166 837 5226 1.
860 5183 885 5227 c.
909 5183 940 5244 p,
963 5168 1035 5227 284.
