4726 6270
908 531 1111 611 0000030000
1136 535 1351 600 Terentianae.

413 728 510 808 Heri
536 731 678 830 n'lipuot
700 729 965 808 adulescentuli
990 729 1137 808 coimus
1164 732 1201 807 in
1228 728 1381 824 Piraio,

413 850 462 927 In
487 850 583 929 tunc
607 850 702 928 dium
729 856 770 927 ut
793 850 840 927 dc
864 850 1037 930 cumbolis
1062 854 1235 927 esso'mus.
1288 847 1487 928 emerem
1515 851 1552 925 u'
1574 850 1632 926 rui

412 968 686 1067 Praesicimus:
714 970 792 1047 doti
818 971 937 1049 inuti:
964 972 1078 1062 locus,
1105 974 1245 1072 tompus
1271 970 1544 1047 constitummst.

413 1087 617 1167 Proete'riit
639 1098 794 1193 tompus:
821 1114 892 1191 quo
918 1092 955 1167 iu
982 1093 1061 1168 loco
1089 1089 1269 1183 dictumst,
1290 1089 1418 1190 poruti
1442 1089 1496 1164 nil
1520 1094 1584 1165 cst.

412 1207 531 1288 Homo
557 1212 635 1311 rjrrsu
660 1217 886 1311 nusquamst:
912 1215 1032 1310 nique
1056 1210 1134 1287 scio
1162 1209 1254 1309 quid
1277 1209 1395 1286 dicum
1421 1216 1487 1284 aut
1509 1208 1603 1309 puid
1630 1209 1836 1286 couic‘ctem.

412 1327 518 1406 Nunc
542 1329 593 1405 mi
616 1328 687 1407 hoc
710 1331 834 1429 nepoti
860 1331 975 1407 citeri
1001 1329 1151 1423 dudone,
1178 1336 1219 1404 ut
1242 1329 1340 1405 illum
1369 1332 1556 1427 quadrum,

411 1447 532 1548 quue
557 1448 652 1526 rideo
679 1450 808 1544 uisum
833 1458 866 1527 st
891 1449 1032 1527 domist.
1060 1450 1252 1550 quisnam
1277 1447 1359 1525 tino
1386 1447 1432 1525 ub
1460 1446 1598 1525 lboide
1624 1449 1727 1525 o'uit?

410 1567 454 1644 Is
480 1572 540 1645 ist
562 1593 610 1645 ou
635 1592 708 1647 non
734 1572 814 1646 est?
838 1577 938 1670 ursus
965 1573 1028 1646 cst.
1056 1568 1240 1668 quidhoc
1265 1567 1448 1645 huminis?
1474 1567 1658 1666 quidhoc
1684 1569 1864 1646 orno'tist?

413 1685 515 1780 Ouid
538 1688 633 1766 illud
654 1691 801 1767 maliet?
825 1692 966 1790 nequeo
991 1689 1084 1765 sutis
1109 1689 1241 1765 mironi
1265 1711 1383 1786 neque
1408 1697 1591 1765 contuere:

410 1806 507 1903 Nisi,
533 1810 713 1910 quidquid
736 1816 802 1905 ost,
823 1808 1063 1912 proculiano
1088 1807 1188 1887 lubet
1202 1809 1314 1910 prius
1341 1807 1430 1907 quid
1451 1808 1503 1885 sit
1524 1808 1721 1886 sciscitari.

308 1979 430 2054 Verba
455 1988 539 2055 sunt
564 1980 780 2078 Antiphonis
806 1982 1057 2057 adolescentis.
1110 1983 1198 2077 Ipsa
1222 1982 1354 2056 multas
1380 1983 1425 2056 ob
1453 2005 1582 2057 causas
1609 1984 1786 2057 canticum
1815 1979 1940 2054 baberi

307 2121 378 2174 nou
404 2107 565 2196 possunt,
594 2107 634 2174 ut
659 2101 754 2196 qvod
779 2101 824 2190 is,
852 2102 956 2197 cujus
983 2109 1077 2192 sunt,
1106 2124 1145 2175 se
1171 2102 1222 2175 ibi
1247 2125 1319 2176 non
1345 2101 1461 2176 solum
1487 2124 1569 2176 esse
1590 2101 1667 2197 jam
1686 2101 1770 2174 inde
1790 2124 1813 2173 a
1832 2122 1941 2174 versu

308 2224 329 2293 'l
366 2218 446 2308 scit,
483 2219 527 2293 de
561 2220 653 2293 mira
687 2221 766 2314 ejus
798 2221 931 2316 specie,
964 2244 1069 2318 qvem
1095 2228 1291 2311 contuetur,
1319 2221 1482 2317 loqvens,
1509 2243 1590 2295 cum
1615 2219 1675 2294 hic
1701 2243 1721 2294 e
1747 2219 1937 2307 contrario,

307 2337 377 2411 etsi
411 2346 513 2412 caute
548 2339 667 2412 omnia
700 2339 976 2436 circumspectat
988 2341 1035 2435 ⁴¹⁵),
1071 2342 1221 2415 alterum
1256 2363 1328 2414 000
1358 2342 1596 2436 conspicatur,
1624 2341 1662 2414 in
1688 2338 1938 2436 gesticulando

301 2459 377 2553 Jam
412 2466 616 2555 occupatus,
653 2459 831 2533 canticum
865 2468 1021 2535 acturus.
1076 2459 1149 2535 Sed
1183 2460 1252 2535 hoc
1286 2460 1463 2534 canticum
1499 2461 1693 2535 orationem
1719 2458 1937 2555 Antiphonis

307 2577 449 2673 excipit,
486 2585 522 2652 et
556 2579 665 2652 tibiae
691 2580 787 2653 actui
814 2603 833 2654 e
859 2588 983 2654 nostra
1009 2581 1247 2677 explicatione
1274 2604 1366 2655 novo
1393 2580 1676 2678 praecinuerant,
1705 2586 1741 2654 et
1766 2580 1811 2653 ab
1838 2579 1938 2653 Anti·

304 2697 423 2792 phone
449 2699 644 2792 septenarii
670 2698 813 2773 veloces
838 2708 946 2797 atqve
972 2701 1094 2775 canori
1119 2701 1339 2798 pronuntiati
1365 2709 1458 2776 sunt.
1511 2701 1570 2775 Ad
1595 2702 1663 2775 hos
1682 2699 1794 2796 igitur
1813 2720 1937 2773 vocem

304 2816 471 2891 tibiarum
497 2815 738 2891 intermissam
763 2819 921 2893 tacuisse
947 2842 1019 2894 uon
1045 2827 1101 2895 est
1125 2821 1331 2895 verisimile.
1371 2821 1427 2895 Ao
1445 2822 1604 2896 brevitas
1623 2820 1688 2894 illa
1707 2818 1839 2893 cantici
1857 2825 1937 2891 octo

305 2958 472 3012 versuum
499 2937 606 3011 etiam
632 2937 717 3011 hinc
744 2939 960 3014 declaratur:
988 2940 1153 3014 nimirum
1180 2941 1270 3015 satis
1297 2941 1358 3015 diu
1382 2948 1501 3016 tamen
1527 2942 1637 3016 tibiae
1660 2944 1865 3014 sonuerunt.
1889 2978 1936 2990 —

304 3057 415 3131 Plura
440 3057 523 3131 huic
550 3059 752 3134 comoediae
779 3060 825 3133 ad
851 3060 959 3136 tibias
985 3060 1167 3135 modulata
1193 3061 1354 3136 diverbia
1380 3083 1461 3135 esse
1487 3061 1663 3156 praefatio
1684 3059 1828 3133 fabulae
1850 3056 1938 3130 indi·

305 3185 373 3266 cat,
401 3185 438 3250 et
465 3178 574 3251 verba
599 3179 785 3253 mendosa:
814 3175 993 3256 Diuerbio
1017 3180 1128 3256 multo
1153 3202 1265 3279 snupo
1280 3179 1522 3280 pronuntiata
1547 3187 1642 3273 snut,
1668 3201 1759 3276 qvae
1787 3177 1841 3251 sio
1863 3199 1937 3250 cor·

304 3297 472 3386 reximus,
509 3308 548 3372 ut
581 3296 767 3375 modulatu
797 3322 862 3395 pro
895 3300 1007 3375 mnulto
1034 3299 1259 3374 scribendum
1285 3300 1493 3397 putarimus,
1522 3322 1593 3375 nou
1620 3299 1665 3374 de
1690 3300 1737 3374 iis
1765 3296 1938 3372 diverbiis

304 3415 405 3507 solis,
441 3439 533 3514 qvae
568 3418 662 3493 iutra
688 3420 746 3493 vel
768 3420 873 3514 juxta
898 3420 1040 3494 cantica
1065 3426 1159 3509 sunt,
1188 3419 1284 3493 dicta
1309 3442 1392 3494 esse
1418 3419 1595 3510 videntur,
1623 3419 1708 3515 qvia
1733 3425 1816 3491 aute
1841 3439 1936 3490 men·

302 3537 434 3611 tionem
469 3539 697 3627 canticorum,
733 3564 824 3636 qvae
858 3549 941 3636 post
971 3539 1024 3629 fit,
1056 3540 1167 3614 allata
1192 3546 1287 3629 sunt,
1314 3538 1386 3612 uisi
1412 3538 1520 3612 etiam
1545 3538 1605 3612 hic
1632 3537 1719 3611 ordo
1745 3537 1934 3610 verborum

303 3656 495 3734 mendosus
528 3668 593 3734 est.
648 3659 720 3735 Sed
747 3661 816 3735 etsi
842 3661 1036 3756 conjectari
1061 3659 1222 3734 nonnihil
1248 3665 1367 3754 potest
1392 3658 1437 3733 do
1463 3658 1580 3754 prima
1606 3679 1716 3732 scena
1741 3664 1884 3730 actuum
1911 3662 1932 3730 2

304 3785 339 3849 et
366 3780 388 3852 3
416 3786 452 3852 et
477 3779 522 3854 de
548 3780 673 3855 ultima
698 3789 799 3856 actus
826 3786 861 3872 4,
889 3789 1009 3855 tamen
1034 3803 1177 3854 manum
1199 3780 1286 3874 jam,
1314 3785 1354 3853 nt
1379 3779 1490 3875 ajunt,
1519 3779 1564 3853 de
1589 3777 1728 3852 tabula!

404 3898 510 3973 Nunc
536 3899 581 3973 de
607 3900 716 3974 tibiis.
770 3901 839 3974 Est
863 3901 931 3975 hoc
957 3901 1051 3976 inter
1076 3906 1286 3997 argumenta
1311 3898 1497 3990 Boeckhii,
1519 3898 1648 3996 qvibus
1669 3898 1813 3971 dextras
1832 3904 1935 3970 acute

302 4042 346 4094 ac
379 4019 473 4094 laete
506 4027 541 4092 et
576 4019 742 4095 sinistras
776 4021 936 4118 graviter
971 4022 1137 4095 sonuisse
1172 4020 1341 4116 disputat,
1377 4020 1471 4115 qvod
1504 4018 1713 4108 Eunuchus,
1752 4017 1936 4091 comoedia

300 4138 455 4213 maxime
476 4138 662 4235 jocularis,
696 4141 754 4215 oui
780 4140 923 4216 codices
949 4141 1159 4215 Terentiani
1185 4141 1274 4216 duas
1301 4140 1445 4214 dextras
1471 4140 1678 4228 attribuunt,
1705 4138 1858 4213 maxime
1883 4136 1935 4209 hi-

300 4259 395 4334 lares
421 4259 529 4334 tibias
554 4260 784 4357 requisiverit
809 4261 848 4357 (l.
877 4284 907 4334 c.
937 4284 971 4358 p.
1004 4264 1102 4352 168).
1149 4259 1230 4351 Qvo
1250 4259 1340 4334 nihil
1359 4260 1491 4335 ven‘us.
1533 4258 1756 4335 Boeckhium
1774 4257 1934 4332 Kohlius

300 4380 461 4475 seqvitur
494 4387 530 4454 et
564 4381 755 4472 Donatum,
792 4382 895 4477 ouJ‘us
930 4382 1105 4478 praefatio
1139 4380 1238 4455 tibiis
1268 4380 1394 4454 dextra
1420 4387 1456 4454 et
1482 4379 1631 4454 sinistra
1654 4379 1749 4453 hanc
1774 4376 1934 4452 fabulam

300 4508 416 4573 actam
441 4522 524 4574 esse
550 4524 614 4597 pro
641 4511 738 4577 certo
765 4502 929 4591 affirmat,
959 4503 1090 4577 erroris
1116 4507 1262 4575 accusat
1288 4502 1337 4596 (p.
1367 4504 1415 4576 33
1443 4522 1510 4595 sq,
1540 4505 1587 4576 54
1611 4502 1693 4597 sq.).
1735 4497 1933 4574 Wilmaun·

299 4618 387 4710 sius,
423 4620 482 4694 oui
517 4619 663 4696 dextrae
697 4622 806 4697 tibiae
833 4645 966 4719 graves
993 4629 1029 4696 et
1055 4621 1221 4696 sinistrae
1248 4627 1383 4709 acutae,
1411 4619 1556 4710 hilares,
1579 4621 1728 4716 jocosae
1755 4618 1931 4708 videntur,

299 4745 488 4834 propterea
521 4762 593 4814 000
628 4743 743 4837 potuit
776 4744 906 4832 lacere,
944 4743 1029 4840 qvin
1063 4742 1108 4816 de
1143 4741 1242 4816 tibiis
1273 4739 1380 4837 hujus
1413 4740 1616 4815 comoediae
1642 4740 1786 4814 Donato
1812 4740 1933 4836 potius

298 4880 404 4953 qvam
438 4858 657 4934 didascalice
691 4861 797 4936 fidem
823 4863 996 4937 tribueret
1021 4864 1070 4960 (p.
1099 4868 1147 4938 44
1175 4864 1281 4959 sqq.).
1337 4860 1551 4936 DniatnkIus
1578 4883 1597 4936 0
1624 4860 1802 4934 contrario
1830 4859 1932 4933 libris

401 5064 433 5141 ⁴)
454 5065 510 5126 Hic
532 5085 636 5128 versus
659 5068 767 5129 cautim
789 5069 903 5144 primus
925 5075 984 5129 est:

543 5187 684 5263 Numquis
705 5189 754 5250 tic
776 5191 837 5250 est?
857 5186 978 5251 nimost.
1001 5191 1137 5266 nummus
1158 5186 1229 5251 tine
1250 5205 1296 5252 mo
1313 5191 1466 5265 stomun?
1486 5188 1570 5251 nimo
1592 5189 1715 5250 tomost.
