4726 6270
973 528 1177 607 mosum
1202 531 1420 599 Paestanas
1926 534 1967 600 63

374 736 602 826 ceteramque
627 735 875 825 argumentum
900 729 1152 805 intercedente.
1205 729 1375 821 Fuerunt,
1395 729 1458 824 qui
1477 728 1696 805 didascalice
1716 730 1760 806 de
1780 730 1880 806 tibiis
1897 730 2009 807 uerba

372 849 426 924 ita
458 849 695 945 intelligenda
725 848 893 945 putarint,
920 857 960 924 nt
984 849 1152 941 fabulam,
1181 850 1439 946 cumprimum
1465 861 1645 947 ageretur,
1673 850 1772 926 tibiis
1797 852 2005 948 imparibus,

372 991 453 1043 cum
479 977 598 1043 autem
623 969 822 1064 posteriore
847 976 1017 1066 tempore,
1047 969 1184 1043 duabus
1211 969 1347 1044 dextris
1372 978 1488 1044 actam
1515 993 1596 1045 esse
1622 971 1847 1066 interpretati
1872 971 2004 1065 sint*).

373 1088 423 1164 At
446 1089 592 1185 plurimi
604 1091 661 1182 sa)
688 1090 809 1164 uerius
831 1090 1038 1186 judicarunt
1063 1090 1147 1165 illas
1173 1090 1281 1164 tibias
1308 1090 1501 1186 inpriore,
1528 1091 1595 1165 has
1621 1091 1659 1165 in
1684 1091 1882 1188 posteriore
1904 1100 2006 1187 parte

372 1210 576 1284 comoediae
611 1210 791 1284 adhibitas
826 1211 900 1284 dici
932 1218 968 1285 et
994 1211 1170 1307 ejusmodi
1195 1210 1475 1285 immutationem
1502 1211 1714 1285 contrariam
1742 1211 1775 1285 ci
1800 1211 1855 1285 rei
1879 1212 2004 1298 luisse,

372 1352 477 1426 qvam
504 1331 543 1404 in
568 1330 652 1404 aliis
678 1330 886 1405 didascaliis
911 1355 976 1428 per
1002 1336 1077 1407 tota
1103 1331 1315 1406 uocabulum
1341 1330 1415 1427 (uel
1441 1335 1571 1421 totam)
1597 1331 1764 1405 tibiarum
1790 1330 1924 1404 nomini
1946 1331 2006 1404 ad·

371 1449 484 1524 ditum
512 1450 712 1546 significari
738 1451 845 1525 etiam
872 1473 981 1547 supra
1005 1452 1171 1525 uidimus.
1226 1450 1346 1525 Unum
1372 1449 1551 1525 hominem
1570 1450 1742 1525 Flaccum
1761 1448 1905 1526 Claudii
1922 1449 2006 1524 huic

370 1570 514 1645 fabulae
540 1578 647 1667 atque
672 1570 758 1645 item
784 1571 914 1646 ceteris
941 1572 1105 1646 omnibus
1132 1571 1303 1660 Terentii,
1325 1571 1372 1645 ad
1391 1594 1481 1667 quas
1502 1578 1620 1646 exstat
1639 1571 1745 1645 ctiam
1764 1570 2004 1645 testimonium

370 1689 516 1780 Donati,
553 1689 678 1764 modos
712 1690 869 1765 musicos
902 1691 1035 1765 fecisse
1069 1691 1163 1765 inter
1197 1692 1310 1766 libros
1342 1691 1581 1766 Terentianos
1613 1690 1791 1766 conuenit.
1844 1690 2005 1765 Musicae

368 1818 487 1884 autem
520 1833 636 1906 genus
671 1811 716 1884 ab
751 1809 887 1884 artifice
923 1810 969 1884 ad
1003 1811 1160 1885 fabulam
1195 1810 1498 1885 accommodatum
1531 1811 1577 1885 ab
1614 1811 1738 1885 codem
1774 1818 1835 1884 aut
1860 1810 1905 1884 ab
1932 1810 2005 1883 alio

368 1937 496 2025 postea
530 1952 610 2003 oum
645 1952 738 2004 nouo
773 1930 927 2026 quodam
960 1937 1212 2005 commutatum
1247 1952 1329 2004 esse
1363 1953 1478 2026 neque
1509 1954 1577 2027 per
1601 1954 1642 2005 se
1668 1931 1862 2005 uerisimile
1888 1952 2004 2024 neque

368 2072 518 2147 usquam
549 2059 782 2124 memoratum
808 2057 875 2140 est,
903 2059 940 2125 et
964 2051 1030 2124 tali
1055 2051 1223 2147 opinione
1249 2050 1485 2125 adversantur
1510 2053 1621 2127 uerba
1645 2052 1780 2126 Donati
1805 2051 1844 2125 in
1870 2051 2004 2146 scripto

368 2169 413 2244 de
444 2171 628 2245 comoedia
653 2179 689 2246 et
714 2170 903 2246 Ciceronis
928 2171 1042 2246 Acad.
1069 2171 1118 2245 II.
1148 2178 1184 2247 7.
1212 2176 1272 2259 20,
1300 2194 1392 2266 quae
1418 2179 1500 2246 ante
1526 2172 1712 2268 proposita
1737 2179 1822 2246 sunt
1847 2170 1897 2266 (p.
1927 2172 2002 2263 29).

366 2290 493 2386 Itaque
528 2291 611 2365 hinc
640 2292 717 2386 jam
752 2298 903 2387 apparet
936 2314 1058 2365 ueram
1093 2313 1171 2365 eam
1204 2313 1296 2382 esse,
1325 2314 1430 2388 quam
1457 2293 1648 2388 sequimur,
1675 2290 2004 2387 interpretationem

368 2410 587 2485 didascaliac
621 2410 1026 2486 Heautontimorumeni.
1081 2408 1155 2486 Sed
1188 2411 1247 2486 lac
1276 2419 1397 2486 tamen
1427 2412 1600 2487 Flaccum
1626 2411 1770 2489 Claudii
1796 2420 1880 2508 post
1903 2410 2002 2484 labu-

367 2531 440 2605 lam
472 2532 624 2627 primum
659 2539 775 2605 actam
809 2531 994 2605 modorum
1029 2553 1173 2605 snorum
1207 2531 1428 2627 poenituisse
1454 2554 1637 2627 nouasque
1664 2533 1698 2606 ei
1723 2531 1831 2606 tibias
1856 2530 2002 2625 rejectis

367 2651 549 2725 veteribus
584 2651 801 2726 substituere
836 2651 1032 2746 placuisse:
1069 2651 1246 2746 suspicari
1281 2658 1378 2725 certe
1411 2674 1521 2747 posse
1556 2650 1784 2741 debebamus,
1819 2673 1924 2746 qvam
1954 2650 2000 2723 ob

366 2793 513 2846 oausam
546 2792 611 2866 pro
645 2770 744 2844 tibiis
778 2770 986 2866 imparibus,
1023 2771 1153 2867 quibus
1185 2771 1279 2845 hanc
1308 2771 1527 2846 comoediam
1552 2779 1664 2845 totam
1689 2771 1892 2846 modulatus
1919 2792 2000 2844 esse

365 2891 464 2966 credi
496 2913 584 2965 sane
614 2898 749 2987 posset,
777 2891 993 2965 hilaritatem
1018 2890 1223 2965 dextrarum
1247 2898 1376 2988 postea
1401 2892 1542 2988 nbiqve,
1570 2893 1734 2988 quamuis
1760 2892 1798 2965 in
1823 2890 2001 2986 principio

365 3010 563 3086 reluctante
588 3018 798 3106 argumento
825 3020 860 3085 et
887 3011 1031 3109 quidem
1056 3011 1163 3085 etiam
1188 3012 1225 3084 in
1252 3011 1391 3086 cantico
1417 3012 1525 3107 primi
1549 3020 1651 3087 actus
1678 3011 1919 3087 sollicitudine
1946 3032 2000 3083 sa·

364 3133 413 3205 tis
439 3131 582 3221 referto,
610 3131 785 3205 allaturus
810 3131 951 3206 fuisset.
1005 3131 1055 3206 At
1080 3132 1175 3205 enim
1201 3131 1345 3205 dextras
1370 3132 1479 3206 tibias
1504 3133 1758 3207 intellexerunt
1782 3153 1926 3228 graues,
1947 3152 1999 3203 sc·

364 3273 481 3340 ueras,
517 3252 651 3340 tristes,
686 3249 748 3346 qui
781 3250 937 3347 plurium
971 3252 1150 3325 actionum
1184 3251 1357 3325 rationem
1383 3252 1421 3325 in
1447 3252 1645 3326 didascalia
1669 3252 1795 3327 haberi
1821 3250 1997 3325 dixerunt.

365 3371 513 3461 Fateor3
549 3370 616 3445 sed
648 3371 839 3467 posteriori
872 3371 982 3467 hujus
1011 3371 1216 3445 comoediae
1242 3370 1336 3467 parti
1361 3371 1547 3445 alacritate
1574 3372 1796 3445 exsultantes
1822 3392 1932 3444 sonos
1958 3370 1999 3442 ti·

364 3491 514 3581 biarum,
541 3491 652 3586 priori
679 3498 797 3564 autem
824 3491 1023 3566 severiores
1049 3490 1109 3566 uel
1135 3513 1209 3581 eos,
1237 3491 1377 3588 quibus,
1405 3499 1445 3566 ut
1470 3491 1522 3565 ait
1547 3492 1723 3580 Donatus,
1748 3490 1905 3583 „mistim
1923 3490 1997 3584 joci

259 3611 265 3621 '
365 3619 402 3685 et
427 3610 650 3706 grauitates“
677 3610 973 3707 exprimebantur,
1002 3619 1261 3686 consentaneos
1286 3611 1401 3686 fuisse
1420 3634 1515 3686 nnnc
1534 3611 1679 3687 docebo.
1721 3611 1883 3706 Impares
1904 3611 1998 3683 enim

363 3731 474 3805 tibiae
509 3731 717 3828 aptissimae
751 3731 928 3822 uidentur,
964 3731 999 3805 si
1032 3731 1223 3827 respicitur
1254 3741 1356 3806 actus
1382 3732 1530 3828 primus,
1556 3733 1596 3807 in
1622 3754 1691 3829 qvo
1718 3731 1937 3827 poenitentia
1963 3738 1998 3804 ct

363 3850 507 3928 labores
541 3852 656 3948 patris
690 3858 804 3926 semet
836 3851 1019 3948 punientis
1052 3851 1275 3941 exhibentur,
1306 3874 1390 3926 mox
1415 3862 1533 3927 autem
1558 3853 1828 3947 inexspectatus
1855 3852 1996 3926 domum

363 3971 511 4063 reditus,
546 3980 649 4068 patre
682 3972 869 4062 insciente,
905 3969 1058 4063 Cliniae,
1093 3972 1160 4046 filii
1195 3972 1400 4061 desiderati,
1434 3972 1652 4048 consolatori
1682 3972 1811 4046 maesti
1834 3971 1995 4067 parentis

362 4099 538 4180 narratur,
574 4094 635 4188 qui
670 4092 821 4188 denique
857 4100 960 4167 actus
993 4091 1117 4167 finitur
1150 4094 1289 4167 cantico
1323 4091 1554 4190 Clitiphonis.
1608 4092 1689 4167 Hoc
1715 4093 1854 4167 cantico
1879 4090 1997 4165 adole-

362 4234 470 4287 scens
504 4211 701 4287 dissolutus
735 4220 772 4287 et
805 4213 971 4309 petulans
1005 4212 1212 4309 iniquitates
1238 4213 1276 4285 in
1301 4212 1397 4287 filios
1423 4221 1609 4309 parentum
1635 4235 1679 4286 ac
1704 4211 1912 4287 nominatim
1938 4211 1996 4283 sui

361 4333 399 4406 in
425 4354 466 4406 sc
491 4331 605 4429 patris
631 4333 875 4407 contumacius
900 4332 1059 4429 queritur
1084 4341 1120 4407 et
1146 4333 1191 4408 de
1216 4333 1382 4407 molestia
1407 4333 1479 4408 sibi
1505 4356 1525 4407 e
1546 4333 1710 4429 procacis
1731 4341 1767 4407 et
1783 4331 1995 4427 magnificae

360 4453 496 4527 amicae
533 4452 832 4549 postulationibus
865 4460 973 4549 atque
1007 4454 1181 4549 poemiae
1215 4452 1395 4549 angustiis
1430 4453 1507 4527 suis
1533 4460 1619 4527 nata
1643 4453 1809 4547 adJungit
1833 4460 1993 4547 questus,

360 4573 422 4667 qui
447 4572 534 4647 item
559 4573 669 4647 animi
694 4573 855 4648 habitum
881 4573 1080 4670 depingunt
1105 4574 1199 4648 inter
1223 4595 1370 4669 grauem
1396 4573 1659 4668 aegritudinem
1685 4580 1722 4647 et
1749 4573 1994 4669 negligentem

360 4689 542 4766 leuitatem
567 4693 722 4767 medium
748 4700 785 4767 et
809 4694 856 4768 ob
882 4715 961 4768 eam
986 4715 1131 4768 cansam
1157 4701 1411 4789 congruentem
1436 4693 1536 4767 tibiis
1561 4692 1769 4790 imparibus.
1823 4691 1900 4768 Ubi
1924 4692 1994 4788 pri·

460 4965 494 5041 *)
523 4966 571 5028 Sic
599 4965 749 5045 Grysarns
776 4967 798 5028 1.
828 4985 854 5029 c.
883 4985 913 5044 p.
945 4970 1006 5030 677
1034 4986 1080 5046 oq.
1109 4973 1140 5030 et
1165 4968 1411 5031 Fricdlaenderus
1432 4969 1463 5030 in
1485 4968 1723 5047 Antiquitatibus
1745 4965 1939 5044 blarquardtii
1961 4984 1990 5042 p.

360 5071 422 5131 542
443 5086 502 5146 sq„
522 5075 624 5130 annot.
648 5073 741 5131 3466.

460 5187 512 5265 **)
532 5189 656 5251 Praeter
676 5191 752 5252 alios
772 5190 950 5254 Rimolnclins
972 5193 993 5253 l.
1015 5210 1042 5254 o.
1064 5209 1095 5270 p.
1119 5193 1191 5280 266.
