4726 6270
418 506 458 570 36
955 499 1176 570 Euunnnus
1201 518 1223 564 n
1250 499 1423 566 Bnuutn.

373 706 474 798 319),
510 701 639 797 qvibus
674 696 781 788 Geta,
810 719 874 792 per
900 720 1044 772 scenam
1070 719 1228 788 currens,
1256 706 1389 773 metum
1416 705 1452 772 et
1478 696 1755 773 sollicitudinem
1782 699 1933 773 stiram
1960 700 2006 774 ob

369 821 600 897 infortunium
631 817 737 892 herili
768 816 865 891 filiae
892 824 928 890 et
952 817 1061 891 herae
1088 825 1124 891 et
1150 841 1231 892 cum
1257 818 1304 893 iis
1330 818 1412 908 sibi,
1439 816 1574 891 famulo
1600 815 1787 909 fidissimo,
1815 818 2007 893 imminens

370 940 528 1029 effundit,
565 940 649 1014 dum
680 937 810 1011 adsunt
836 945 872 1011 et
898 937 990 1011 inter
1017 959 1056 1012 se
1084 939 1348 1034 colloqvuutur,
1373 938 1530 1013 nondum
1556 961 1662 1013 servo
1688 947 1913 1035 conspectae,
1943 938 2007 1015 So·

370 1070 482 1136 strata
516 1067 678 1133 matrona
709 1065 745 1131 et
777 1056 960 1133 Canthara
985 1056 1115 1144 nutrix,
1144 1059 1322 1132 canticum
1350 1059 1532 1133 continere
1558 1058 1726 1133 dixerunt
1751 1082 1832 1134 oum
1859 1059 2006 1135 Wolffio

369 1184 418 1278 (p.
448 1181 512 1272 48)
539 1179 712 1272 Benfejus
739 1177 798 1274 (ad
825 1177 860 1250 h.
888 1177 912 1250 l.
941 1177 1117 1270 Terentii)
1144 1184 1180 1252 et
1207 1177 1395 1277 Grysarus
1421 1181 1470 1276 (p.
1500 1178 1605 1273 369):
1630 1179 1724 1274 qvod
1743 1178 1886 1275 qnidam
1903 1202 2006 1277 prop·

368 1311 423 1376 ter
457 1300 566 1374 verba
601 1298 698 1373 servi
733 1319 853 1371 seeum
880 1297 1058 1393 loquentis
1085 1298 1365 1373 concitatissime
1391 1306 1427 1372 et
1452 1297 1680 1373 vehementer
1706 1299 1872 1373 commoti
1896 1300 2007 1374 animi

368 1422 476 1517 plena
502 1427 608 1515 atqve
633 1417 715 1493 ideo
741 1417 874 1491 actioni
900 1417 1173 1513 pantomimicae
1192 1419 1459 1493 accommodata
1477 1418 1787 1508 verisimillimum,
1807 1420 1914 1493 immo
1933 1442 2005 1494 cer·

369 1542 545 1616 tissimum
582 1546 647 1613 est.
701 1538 750 1611 Et
784 1561 875 1626 cum,
912 1539 1007 1633 qvod
1041 1538 1189 1612 tradidit
1222 1539 1388 1613 Donatus
1419 1538 1464 1613 de
1491 1538 1662 1613 diverbiis
1690 1539 1750 1636 (ad
1776 1539 1900 1634 tibias)
1926 1563 2006 1637 pro·

369 1661 553 1748 nuntiatis,
581 1659 708 1733 referri
735 1682 822 1734 sane
849 1658 977 1732 debeat
1004 1659 1183 1732 etiamad
1211 1681 1264 1747 ea,
1293 1681 1385 1754 qvae
1410 1658 1448 1732 in
1475 1659 1626 1733 canticis
1651 1659 1785 1749 insunt,
1809 1660 1948 1734 accedit
1967 1660 2005 1734 id

370 1803 510 1876 qvoqve
543 1787 800 1875 argumentum,
835 1778 929 1874 qvod
963 1779 1039 1853 fere
1066 1801 1216 1853 necesse
1243 1787 1299 1852 est
1325 1778 1470 1853 credere
1494 1778 1588 1852 hanc
1614 1779 1834 1853 comoediam
1859 1780 2004 1876 aliquod

370 1901 546 1974 canticum
573 1922 653 1974 cum
679 1899 841 1975 diverbio
866 1899 1010 1987 habere,
1037 1922 1153 1996 neqve
1179 1921 1265 1972 vero
1292 1898 1368 1972 ulla
1393 1906 1449 1974 est
1474 1899 1547 1973 alia
1571 1922 1657 1995 pars
1681 1898 1938 1996 Adelphorum,
1965 1900 2003 1973 in

370 2044 475 2116 qvam
501 2020 590 2094 haec
616 2043 675 2093 res
701 2020 901 2094 conveniat.
956 2018 1095 2094 Versus
1122 2019 1161 2093 hi
1188 2018 1337 2112 sunt*):

408 2223 439 2303 Ι.
480 2224 559 2300 GE.
598 2221 705 2300 Nunc
730 2221 824 2299 illud
848 2230 914 2315 ert,
941 2245 1061 2320 quom,
1085 2223 1121 2298 si
1147 2221 1268 2299 omnio
1294 2244 1416 2298 omnes
1440 2224 1510 2298 scio
1536 2220 1692 2298 consilio
1718 2225 1912 2320 consuant

599 2341 718 2443 Atque
743 2341 827 2419 duic
851 2345 947 2420 molo
974 2343 1126 2419 salutem
1152 2348 1343 2442 quoerant,
1370 2340 1489 2417 crixili
1514 2341 1570 2418 nil
1593 2339 1780 2438 adserunt,

603 2461 713 2556 Quod
735 2461 893 2561 mihique
918 2485 1077 2561 eratque
1096 2463 1278 2560 filiaeque
1304 2461 1431 2538 erilist.
1460 2485 1531 2537 uae
1555 2461 1690 2540 miscro'
1715 2461 1822 2540 milri:

600 2581 668 2660 Tot
690 2586 754 2659 re‘s
779 2588 929 2683 repente
955 2582 1241 2675 ct‘rcumaallont,
1268 2579 1364 2657 dude
1390 2581 1527 2681 emaci
1552 2584 1623 2659 adn
1645 2588 1785 2683 potest:

523 2712 556 2780 5.
607 2699 666 2779 Vis
692 2706 836 2800 euectos
861 2700 1040 2777 iniustitia
1065 2699 1223 2778 solitudo
1250 2701 1417 2798 instituio.

598 2818 743 2898 Hocine
768 2820 948 2896 saeclum!
973 2842 994 2896 o
1021 2821 1178 2913 scelera,
1205 2844 1226 2898 o
1244 2845 1384 2921 uenero
1401 2822 1600 2921 sacrileqc,
1620 2845 1641 2900 o
1658 2820 1836 2900 hominem
1854 2824 2002 2925 inpium,

486 2939 557 3017 SO.
599 2937 870 3033 Meminerant,
904 2937 994 3038 qaid
1018 2945 1138 3017 namot
1162 2941 1262 3039 quo'd
1283 2941 1340 3019 sic
1365 2939 1474 3018 uideo
1501 2942 1661 3020 uiuidum
1688 2951 1726 3018 et
1739 2949 2001 3044 properantem

1599 3062 1752 3141 Gelam?

390 3180 439 3263 Π.
477 3182 557 3259 GE.
599 3203 703 3280 quem
737 3183 856 3279 neque
886 3179 983 3276 fides
1019 3203 1137 3280 neque
1171 3180 1229 3257 iris
1259 3181 1451 3258 iurandum
1476 3186 1596 3282 ne'quc
1621 3183 1720 3259 illum
1746 3182 2002 3262 misericordia

598 3298 796 3400 Repressit
818 3322 935 3398 neque
960 3300 1111 3401 reflexit
1133 3324 1251 3400 neque
1276 3301 1377 3401 qood
1392 3304 1528 3404 partus
1555 3302 1717 3379 instabat
1730 3328 1865 3404 prope,

502 3427 557 3497 10.
601 3417 699 3512 Quoi
724 3420 879 3496 mr'seroe
905 3418 1054 3518 indique
1074 3423 1148 3519 per
1167 3420 1240 3497 aim
1260 3421 1386 3498 uitium
1406 3419 1596 3499 obtdlerot.
1625 3422 1697 3500 SO.
1724 3422 1808 3502 Non
1829 3424 2037 3523 intellcoo·

597 3538 698 3617 Solis
730 3542 826 3639 qaoc'
860 3541 1039 3639 loquutur.
1080 3538 1157 3617 CA.
1199 3538 1359 3641 Propius
1385 3540 1536 3618 obsecro
1563 3541 1793 3637 decedamus,
1819 3541 1998 3620 Sostrata.

1591 3662 1671 3738 GE.
1712 3660 1770 3739 Aa

365 3778 436 3862 IH.
599 3777 663 3855 Mc
688 3781 869 3873 miseram,
896 3779 961 3855 aix
986 3803 1064 3855 sam
1092 3781 1237 3881 compos
1262 3781 1386 3875 animi,
1414 3781 1466 3858 ito
1493 3780 1607 3858 drdeo
1635 3780 1839 3860 irocdndio.

595 3896 663 3976 Nil
691 3902 750 3976 est
778 3898 879 3998 quod
905 3899 1027 3976 malim
1054 3901 1286 3999 quantillum
1313 3906 1422 3978 totam
1442 3902 1628 3999 sdmiliam
1655 3901 1741 3979 dori
1765 3904 1816 3979 mi
1841 3901 1999 3997 obuiam,

602 4016 646 4096 Vt
679 4043 746 4119 eqo
781 4021 873 4096 dom
907 4017 1002 4096 dunc
1036 4018 1074 4096 in
1109 4043 1173 4096 eos
1205 4023 1368 4097 tuomum
1399 4044 1550 4117 omnem,
1577 4020 1661 4099 dum
1688 4021 1881 4122 oeqrimdo
1908 4021 2000 4101 doec

1588 4146 1648 4219 e'st
1669 4166 1809 4220 recena.
1897 4147 1899 4151 ’

497 4265 552 4335 15.
595 4255 694 4335 Satis
719 4256 809 4335 mitt
833 4257 985 4336 habeam
1011 4258 1180 4360 sdpplici,
1206 4259 1290 4336 dum
1316 4259 1401 4338 illo's
1427 4261 1586 4369 ulciscor
1610 4263 1690 4339 mco
1715 4260 1833 4338 modo.

592 4375 683 4456 Seni
709 4378 866 4455 dcimam
882 4379 1044 4482 primam
1071 4380 1317 4478 aenaeum
1344 4381 1428 4483 ilasi,
1457 4381 1521 4481 qai
1544 4379 1640 4490 illud
1653 4380 1837 4482 produxit
1858 4382 1995 4459 scelus:

465 4636 497 4713 ⁴)
521 4637 634 4714 Sequor
656 4639 687 4699 in
709 4636 845 4698 versibus
867 4638 1000 4698 Terentii
1022 4638 1180 4700 afferendis
1202 4644 1232 4700 et
1254 4639 1302 4700 hic
1324 4645 1354 4701 et
1375 4640 1455 4708 alibi,
1478 4646 1512 4700 ut
1533 4658 1588 4717 par
1602 4646 1656 4710 est,
1672 4640 1871 4702 recensionem
1886 4640 1995 4701 Fleck-

362 4739 464 4801 eiseni.
509 4741 600 4818 cnjus
629 4742 718 4801 etiam
748 4740 891 4802 rationem
920 4740 1012 4800 verba
1041 4740 1199 4810 scribendi,
1230 4743 1350 4820 saepius
1376 4761 1395 4802 a
1421 4761 1486 4803 mea
1508 4744 1602 4820 ipsius
1623 4743 1840 4810 abhorrentem,
1863 4760 1901 4804 ne
1922 4744 1994 4819 qvid

361 4843 407 4904 his
435 4842 508 4904 locis
536 4843 566 4903 in
594 4843 697 4903 alienis
725 4860 868 4922 peccasse
897 4843 1010 4911 videar,
1033 4847 1126 4904 totam
1149 4844 1274 4913 reddidi,
1297 4851 1327 4906 et
1349 4846 1467 4922 qvidem
1490 4847 1578 4907 etiam
1599 4847 1630 4907 in
1652 4865 1673 4908 u
1694 4852 1724 4907 et
1746 4864 1772 4925 u,
1795 4848 1806 4907 i
1827 4846 1894 4921 etj
1913 4847 1994 4908 sonis

361 4945 508 5023 scriptura
530 4964 588 5008 non
611 4945 838 5023 distinguendis,
862 4964 950 5023 qvam
971 4945 1126 5014 rationem,
1148 4946 1279 5007 nuncin
1302 4945 1459 5009 Germania
1480 4949 1629 5022 usitatam,
1653 4950 1757 5009 saltem
1779 4953 1864 5009 extra
1886 4947 1994 5010 editio-

361 5065 414 5108 nes
436 5054 566 5110 veternm
590 5049 707 5109 minime
728 5050 925 5110 necessariam
947 5067 1021 5123 esse,
1045 5068 1141 5126 neqve
1163 5067 1235 5110 sane
1256 5049 1286 5109 in
1309 5049 1411 5127 figuris
1433 5051 1606 5120 litterarum,
1629 5051 1683 5112 sed
1705 5051 1735 5111 in
1757 5068 1814 5112 usu
1836 5051 1993 5113 verborum

361 5151 468 5213 bonam
490 5152 667 5214 latinitatem
689 5153 856 5230 ponendam
878 5153 1115 5215 existimaverim.
