4726 6270
907 507 1111 585 Quaestiones
1137 510 1353 575 Terentianae.
1859 514 1897 576 21

311 709 465 785 mendae
499 709 559 784 vel
593 730 809 805 permaguae
840 706 1019 782 alacritati
1045 705 1118 781 alia
1142 707 1227 781 huic
1252 707 1306 782 rei
1331 709 1521 803 conjuncta
1547 714 1584 782 et
1607 707 1765 805 insignis
1790 707 1943 783 eandm

312 851 389 906 rum
423 828 754 925 investigandorum
786 835 871 903 nota
896 835 1047 902 metrum
1072 827 1211 901 vamum
1236 835 1309 917 aut,
1337 827 1479 902 etiamsi
1505 827 1670 924 simplex,
1697 851 1743 902 ne
1768 834 1842 902 tum
1869 828 1944 926 qvi·

311 950 392 1027 dem
417 973 489 1025 non
515 949 745 1038 concitatum3
776 956 992 1046 qvapropter
1017 946 1126 1022 meris
1153 947 1306 1021 senariis
1332 947 1474 1022 lenibus
1500 955 1537 1022 et
1562 947 1698 1022 sedatis
1724 947 1836 1023 ullum
1862 969 1943 1021 can·

310 1071 419 1146 ticum
453 1069 689 1166 compositum
724 1092 805 1145 esse
841 1067 1006 1167 eqvidem
1037 1090 1118 1142 cum
1144 1065 1310 1166 Grysaro
1336 1068 1387 1163 (p.
1416 1068 1505 1163 370)
1531 1076 1656 1141 contra
1681 1067 1866 1143 Wolffium
1891 1070 1940 1165 (p.

312 1192 376 1286 29)
402 1213 507 1286 nego.

312 1451 432 1504 secum
464 1428 645 1525 loquentis
676 1450 818 1502 carmen
846 1451 938 1517 esse,
966 1435 1085 1500 tamen
1113 1427 1219 1501 etiam
1245 1434 1327 1523 post
1354 1427 1552 1501 Hermanni
1578 1435 1614 1503 et
1640 1427 1778 1503 Wolffii
1805 1428 1943 1502 dehac

312 1573 350 1623 re
385 1548 645 1645 disputationes
680 1548 824 1623 inerunt
857 1547 978 1621 Plauti
1010 1547 1177 1637 editores,
1214 1547 1276 1641 qvi
1308 1548 1510 1623 fabularum
1544 1547 1650 1643 hujus
1685 1556 1812 1644 poetae
1847 1548 1944 1622 haud

311 1691 425 1765 panca
458 1667 637 1763 colloqvia
672 1668 812 1742 candca
842 1668 1025 1764 appellare
1056 1690 1128 1740 non
1154 1665 1405 1756 dubitaverint,
1433 1668 1532 1742 velut
1557 1667 1725 1743 Weiseus
1752 1676 1788 1744 et
1813 1669 1943 1742 Linde·

310 1809 477 1876 mannus;
515 1796 551 1862 et
582 1788 677 1883 qvod
704 1787 908 1862 Gvilelmus
935 1785 1155 1863 Studemund
1183 1788 1364 1862 contendit
1389 1787 1457 1861 bac
1483 1787 1577 1863 thesi
1603 1789 1801 1885 proposita:
1839 1788 1943 1880 „Pal-

310 1908 475 1982 liatarum
509 1929 734 1982 romanarum
769 1908 910 1981 cardea
944 1907 989 1980 ab
1024 1929 1096 1980 una
1129 1914 1266 1980 tantum
1299 1930 1455 2004 persona
1489 1916 1569 1981 acta
1604 1931 1686 1983 esse
1711 1908 1805 1984 falso
1832 1909 1943 1982 credi·

309 2031 390 2104 tur“
405 2029 452 2124 ¹³),
488 2026 583 2102 idem
618 2028 751 2102 sentire
781 2027 888 2102 video
914 2028 1029 2100 virum
1055 2027 1232 2121 qvondam
1259 2027 1400 2101 doctum
1425 2029 1465 2101 in
1491 2030 1753 2103 commentariis
1779 2029 1943 2124 Lipsien-

311 2149 422 2238 sibus,
460 2147 521 2243 qvi
555 2147 800 2220 inscribuntur
833 2143 1145 2239 „Litterariscdes
1176 2142 1450 2238 decantant,
1477 2149 1561 2221 anui
1594 2154 1701 2239 1866,
1729 2172 1763 2244 p.
1794 2155 1854 2236 65,
1882 2148 1945 2243 qvi

309 2269 403 2341 hanc
429 2266 671 2341 definitionem
698 2263 861 2341 Suetonii
887 2266 983 2363 apud
1009 2266 1218 2339 Diomedem
1245 2266 1269 2338 l.
1298 2288 1346 2339 a:
1373 2263 1422 2340 In
1450 2266 1602 2342 canticis
1629 2291 1701 2342 ana
1728 2273 1862 2342 tantam
1883 2265 1943 2341 de·

311 2385 372 2464 aa
404 2409 487 2463 assa
513 2409 679 2487 persana
713 2428 758 2441 -
793 2386 831 2461 in
857 2386 977 2460 Plauti
1003 2387 1145 2482 quidem
1171 2386 1312 2460 fabulas
1339 2388 1598 2461 accommodari
1624 2411 1732 2484 posse
1758 2386 1941 2461 infitiatur.

310 2510 360 2582 At
388 2509 470 2604 jure
505 2508 723 2603 quaerimus:
760 2530 901 2581 errasse
934 2508 971 2581 in
1003 2506 1068 2579 tali
1093 2529 1133 2580 re
1158 2529 1242 2580 num
1269 2514 1325 2581 cst
1351 2507 1521 2583 credibile
1549 2507 1777 2583 Svetonium?
1828 2507 1884 2580 Aa
1910 2507 1943 2580 si

310 2629 392 2724 qvis
424 2629 518 2702 forte
551 2628 659 2722 hujus
693 2627 803 2701 verba
837 2650 908 2702 non
942 2628 1085 2722 integra
1119 2636 1263 2701 servata
1293 2628 1389 2722 apud
1419 2609 1630 2702 Diomedem
1658 2652 1739 2703 esse
1766 2629 1941 2723 opinetur,

310 2770 428 2822 nonne
454 2769 533 2822 eam
559 2747 799 2843 suspicionem
826 2747 975 2834 diluunt,
1012 2769 1102 2843 qvae
1129 2746 1174 2821 de
1199 2747 1304 2821 modo
1331 2747 1471 2821 cantica
1495 2749 1628 2844 agendi
1654 2748 1848 2843 antiqvitus
1875 2756 1942 2819 tra·

311 2868 385 2943 dita
420 2868 523 2943 sunt?
574 2866 618 2941 Id
650 2869 745 2941 enim
776 2867 995 2942 canticorum
1020 2868 1059 2940 in
1085 2867 1278 2941 comoediis
1305 2868 1571 2963 tragoediisque
1597 2868 1836 2942 Romanorum
1864 2890 1943 2964 pro·

310 2989 426 3085 prium
452 2995 540 3077 erat,
567 3011 638 3061 non
665 2988 768 3062 modo
795 2997 835 3063 ut
861 2996 1082 3078 canerentur,
1111 2988 1174 3062 sed
1202 2989 1308 3061 etiam
1334 2997 1375 3061 ut
1400 2989 1510 3062 verba
1537 2997 1573 3062 et
1598 2990 1691 3063 actio
1719 2996 1885 3083 separata
1908 2995 1943 3061 et

310 3109 348 3183 in
382 3108 474 3182 duas
507 3130 682 3204 personas
718 3108 835 3182 divisa
861 3117 994 3183 essent.
1047 3108 1233 3203 Nusqvam
1259 3117 1376 3183 autem
1403 3110 1582 3205 proditum
1609 3117 1726 3183 exstat
1752 3109 1841 3182 duos
1867 3109 1941 3204 plu·

310 3250 415 3302 resve
449 3229 557 3302 simul
591 3228 629 3303 in
664 3229 842 3324 colloqvia
876 3236 1016 3302 actores
1050 3252 1073 3301 a
1107 3251 1195 3302 voce
1222 3229 1427 3303 canmribus
1454 3229 1621 3302 mandata
1646 3229 1876 3313 abstinuisse,
1905 3230 1943 3302 in

310 3347 558 3444 gesticulando
585 3354 722 3421 tantum
749 3357 956 3445 occupatos;
990 3371 1036 3422 ne
1063 3348 1229 3422 deludis
1256 3350 1397 3444 quidem
1424 3349 1666 3444 pantomimis3
1700 3350 1737 3422 in
1763 3349 1820 3422 his
1849 3350 1942 3423 enim

309 3467 437 3543 histrio
471 3491 575 3557 unus,
611 3490 801 3565 personam
837 3477 872 3541 et
907 3475 1043 3541 vestem
1069 3477 1300 3558 commutans,
1329 3470 1447 3543 omnia
1472 3471 1604 3564 agebat
1616 3469 1686 3565 ³),
1716 3471 1810 3566 qvod
1837 3471 1941 3565 gravi

310 3587 521 3664 documento
548 3596 604 3663 est
630 3589 675 3663 de
701 3588 863 3679 canticis,
891 3588 985 3662 unde
1011 3589 1229 3684 pantomimi,
1263 3589 1325 3684 qvi
1351 3613 1371 3664 e
1397 3590 1519 3663 multis
1545 3598 1756 3685 argumento
1782 3591 1874 3663 inter
1901 3613 1942 3665 se

311 3710 483 3784 connexis
518 3709 669 3783 canticis
702 3711 923 3798 constabant,
952 3709 1127 3804 originem
1155 3709 1338 3782 duxerant.
1392 3710 1519 3805 Neqve
1545 3710 1582 3783 in
1609 3711 1802 3784 comoediis
1830 3710 1943 3784 diver·

311 3829 372 3904 bia
403 3829 480 3903 ulla
512 3837 655 3904 cantata
681 3836 775 3916 sunt,
803 3829 836 3902 si
861 3828 946 3924 qvid
973 3830 1069 3903 valet
1095 3830 1313 3924 comparatio
1338 3829 1463 3904 horum
1490 3832 1648 3904 locorum
1674 3830 1877 3936 Diomedis:
1905 3853 1941 3925 p.

310 3953 381 4025 191
412 3949 479 4023 K:
509 3947 668 4025 Latinae
695 3948 808 4046 igitar
833 3947 1044 4025 comaediae
1069 3946 1217 4024 charam
1243 3971 1314 4025 non
1341 3946 1486 4041 babent,
1517 3947 1589 4025 sed
1611 3947 1752 4026 dnobus
1773 3946 1943 4025 rnembris

274 4150 279 4157 ,
310 4074 445 4143 tantam
471 4073 647 4161 constant,
674 4066 837 4145 diverbia
864 4074 902 4143 et
926 4068 1067 4145 cantico
1097 4117 1147 4127 -
1174 4078 1209 4144 et
1235 4093 1270 4167 p.
1299 4074 1389 4147 49οε
1422 4068 1556 4145 Latine
1576 4067 1733 4164 sabatae
1760 4070 1942 4170 appellan-

309 4193 368 4264 tnr
401 4189 478 4266 sina
506 4188 711 4285 satidana
747 4189 784 4264 in
820 4187 967 4266 Latinis
994 4189 1088 4264 enim
1109 4188 1254 4284 fabalis
1270 4190 1387 4291 plara
1411 4196 1498 4266 sant
1520 4188 1719 4282 (diverbia,
1747 4213 1837 4289 qaae
1857 4190 1941 4287 fan·

413 4497 445 4576 ⁴)
475 4499 522 4559 De
549 4500 675 4560 canticis
702 4500 847 4560 Hanania
877 4499 1021 4574 (Berolini
1054 4501 1159 4574 1864),
1189 4499 1282 4561 ultim.
1312 4517 1380 4578 pag.
1405 4532 1444 4545 -
1468 4500 1608 4563 Similiter
1629 4501 1666 4562 de
1689 4500 1823 4561 versibus
1845 4499 1942 4560 Plauti

312 4599 525 4662 constituendis
545 4620 603 4662 non
626 4603 656 4662 in
678 4602 801 4663 canticis
824 4603 929 4668 solum.
959 4602 1011 4663 scd
1034 4602 1122 4663 etiam
1144 4603 1175 4663 iu
1197 4603 1338 4664 diverbiis
1360 4603 1500 4664 disseruit
1520 4604 1677 4665 Mauritius
1699 4604 1786 4664 Graiu
1809 4603 1864 4664 snb
1886 4603 1942 4665 boc

311 4700 412 4762 titulo:
444 4703 538 4764 Uebcr
560 4706 609 4765 die
634 4705 829 4782 Composition
852 4708 907 4767 der
928 4706 1148 4767 Plautiniscbcn
1174 4707 1299 4768 Cantica
1322 4707 1465 4783 (Berolini
1491 4709 1596 4784 1865),
1619 4707 1670 4783 qvi
1691 4711 1789 4767 amen
1812 4705 1849 4766 de
1872 4724 1943 4767 vera

312 4803 431 4866 notione
454 4806 562 4866 cantici
583 4806 687 4867 saltem
711 4808 829 4869 dubitat
851 4810 895 4886 (p.
920 4813 958 4871 31
983 4815 1014 4870 et
1037 4812 1102 4885 37).

412 4922 463 5001 **)
493 4925 566 4986 Ottr.
594 4926 841 4989 Friedlaenderns
868 4930 888 4991 l.
908 4948 934 4990 c.
957 4948 988 5007 p.
1012 4932 1071 4991 549
1095 4947 1163 5007 sqq.
1186 4937 1217 4992 et
1239 4931 1267 4991 in
1291 4930 1423 5008 ejusdem
1452 4930 1705 5007 „Darslcllanaat
1727 4947 1783 4992 ata
1806 4932 1860 4989 der
1882 4928 1942 4989 Sit·

311 5027 638 5101 taraconensem
660 5031 691 5090 in
714 5031 769 5091 der
789 5031 853 5092 Zeit
874 5048 930 5093 aen
952 5035 1066 5108 Anaua
1088 5033 1132 5094 dtr
1152 5050 1221 5094 ram
1243 5035 1386 5109 Anspanp
1409 5036 1464 5095 der
1485 5036 1665 5104 Antonine“,
1687 5034 1726 5093 Il.
1749 5052 1778 5110 p.
1796 5036 1858 5093 314
1874 5049 1941 5109 sqq.

312 5126 383 5188 edit
408 5131 437 5188 2.
