4740 6270
956 506 1157 584 Qvaestionca
1183 508 1398 573 Terentianae.
1641 498 1645 509 ⁵
1905 496 1947 577 'tt

467 705 629 784 Canticis
655 705 918 802 investigandis
944 706 1001 781 hio
1028 730 1168 804 qvoqve
1195 705 1364 782 Wollfius
1390 703 1480 779 satis
1502 704 1593 778 bene
1612 709 1749 800 praeiit,
1770 718 1810 785 ut
1827 734 1897 785 non
1913 712 1989 807 jam

365 851 459 903 nova
483 828 652 924 reperire,
680 827 745 901 sed
771 827 817 900 ad
843 834 985 921 reperta
1010 827 1224 902 illustranda
1248 833 1367 900 amen
1393 823 1556 899 nonnihil
1582 825 1666 898 novi
1684 827 1865 924 disputare
1884 839 1991 929 atqve

366 949 474 1024 etiam
498 947 675 1045 quoddam
700 970 771 1021 non
798 953 893 1019 recte
920 946 1079 1040 agnitum
1108 944 1343 1019 exterminare
1370 944 1487 1019 liceat.
1541 943 1698 1017 Primum
1721 951 1893 1025 canticum
1915 951 1993 1048 agit

367 1067 512 1146 Gnatho
545 1066 726 1165 parasitus
760 1068 797 1140 in
832 1075 900 1140 act.
939 1065 989 1142 ni
1016 1089 1065 1138 sc.
1095 1071 1175 1140 itae
1203 1089 1236 1138 v.
1268 1070 1389 1141 1-22
1417 1067 1465 1161 (v.
1493 1066 1518 1138 f.
1548 1068 1765 1160 rar-253)
1791 1078 1827 1142 ct
1852 1072 1990 1163 deinde,

365 1197 448 1285 post
481 1188 715 1263 Parmenonis
748 1188 854 1276 servi,
888 1186 949 1281 qvi
974 1185 1074 1259 illum
1102 1208 1174 1259 non
1200 1185 1468 1258 animadversus
1494 1184 1604 1274 audit,
1633 1185 1854 1279 interJectum
1881 1192 1993 1267 diver·

365 1309 463 1383 bium
488 1330 614 1383 versus
640 1309 756 1399 unius,
784 1308 821 1381 in
848 1331 881 1379 v.
911 1310 1061 1383 24-33
1089 1307 1137 1401 (v.
1165 1306 1191 1377 f.
1221 1308 1451 1398 tab-tot).
1505 1304 1558 1393 Id,
1583 1303 1676 1400 qvotl
1699 1304 1893 1401 interponit
1912 1310 1993 1384 l'ar·

365 1451 470 1503 meno
495 1451 604 1504 versu
629 1430 785 1524 integro:
823 1424 956 1503 Scitam
983 1422 1107 1499 hercle
1131 1421 1331 1499 hominem!
1358 1420 1433 1497 llic
1457 1420 1620 1498 homines
1637 1446 1812 1524 prorsum
1839 1446 1888 1499 err
1911 1430 1993 1501 stril-

366 1548 414 1624 ris
449 1547 598 1625 insanos
627 1548 736 1645 facit,
769 1571 831 1622 cur
855 1570 921 1643 pro
947 1545 1128 1619 modulato
1155 1543 1202 1616 ad
1228 1544 1336 1619 tibias
1362 1542 1523 1618 diverbio
1548 1542 1732 1634 habeatnr,
1761 1545 1852 1619 ratio
1878 1546 1996 1640 singu·

365 1668 454 1743 laris
489 1669 662 1764 qvacdam
693 1677 728 1742 ct
754 1667 957 1743 necessaria
983 1689 1054 1740 non
1081 1669 1241 1760 apparet,
1270 1665 1334 1738 scd
1361 1663 1603 1760 exemplorum
1630 1664 1821 1739 collatione
1848 1665 1997 1739 aliorum

366 1788 404 1863 id
438 1788 602 1863 concludi
637 1788 766 1863 debere
802 1789 951 1862 videtur.
1005 1783 1312 1880 intercapedinem
1346 1783 1414 1858 hoc
1444 1784 1543 1859 brcvi
1571 1784 1762 1879 soliloqvio
1788 1785 1916 1859 inam
1945 1808 1999 1861 se

367 1918 451 1984 cata
476 1917 572 1983 certe
598 1917 654 1983 est
680 1908 827 1984 mutatio
852 1909 1034 1982 modorum
1062 1905 1177 2001 ipsius
1203 1902 1350 1977 cantici:
1382 1903 1450 1976 hoc
1476 1904 1570 1977 enim
1597 1913 1785 2000 prrstqvam
1812 1912 1895 1979 arrtc
1920 1927 1999 2002 sep

366 2029 516 2103 tenariis
549 2030 742 2103 trochaicis
776 2029 963 2125 processit,
995 2028 1072 2123 jam
1104 2023 1330 2098 continuatur
1361 2022 1524 2096 iambicis
1550 2023 1777 2119 septenariis,
1804 2024 1998 2121 atiqvancr,

367 2172 473 2246 qvam
499 2148 556 2223 illi
581 2155 675 2239 sunt,
707 2148 940 2222 alacrioribus
966 2155 1002 2222 et
1027 2143 1275 2219 hilarionibus:
1310 2142 1439 2235 qvibus
1465 2143 1645 2237 parasitus
1671 2168 1836 2241 maguam
1864 2145 1934 2221 sibi
1962 2145 1999 2220 ia

367 2269 518 2344 macello
543 2292 567 2343 a
591 2268 836 2343 venditoribus
862 2268 1069 2364 praestitam
1096 2261 1360 2339 observantiam
1388 2269 1424 2335 et
1449 2284 1576 2335 novam
1601 2272 1735 2338 sectam
1758 2262 2000 2341 crnatrmiw

367 2411 444 2463 rum
469 2388 522 2464 ibi
547 2411 571 2462 a
595 2410 635 2462 se
662 2388 838 2463 conditam
865 2388 1049 2484 gloriatur,
1077 2407 1157 2459 cum
1184 2383 1220 2456 in
1248 2381 1432 2478 sapcn'orc
1459 2389 1560 2478 parte
1585 2383 1728 2472 cantici,
1755 2385 1839 2481 qvid
1866 2386 2001 2462 statas

368 2517 404 2583 et
438 2509 646 2606 intelligens
680 2508 872 2598 differrent,
905 2507 1079 2603 exemplis
1106 2503 1312 2579 declaravit.
1345 2544 1388 2555 -
1418 2502 1511 2576 Tum
1538 2502 1575 2575 in
1602 2512 1670 2577 act.
1700 2504 1749 2580 izi
1776 2528 1827 2579 scr.
1857 2512 1937 2582 :sac
1963 2529 1998 2579 v.

372 2633 488 2705 1-12
526 2630 574 2726 (v.
609 2629 635 2702 f.
674 2628 891 2722 ror-303)
926 2628 1020 2702 inest
1054 2649 1134 2700 cum
1168 2626 1361 2699 intertexto
1387 2622 1552 2719 longiore
1578 2622 1812 2698 Parmenonis
1838 2625 2002 2701 diverbia

367 2749 545 2822 cauticum
578 2746 773 2838 Chaereae,
809 2748 902 2843 qvod
937 2748 974 2822 in
999 2747 1094 2821 hunc
1121 2767 1305 2820 numerum
1332 2744 1465 2835 retulit,
1494 2743 1562 2818 etsi
1590 2743 1795 2817 dubitanter
1805 2744 1853 2839 's
1890 2744 2002 2820 walt

365 2868 447 2943 fias.
508 2868 625 2942 Breve
650 2867 719 2942 hoo
744 2868 885 2964 qvidem
912 2876 977 2960 est,
1006 2868 1071 2941 scd
1096 2875 1230 2941 certum
1257 2864 1337 2939 idco
1364 2866 1553 2953 canticum,
1580 2863 1676 2959 qsoo
1702 2874 1739 2938 et
1764 2863 1919 2960 positam
1944 2874 2002 2942 cot

366 2990 404 3062 in
437 2989 600 3085 proxima
634 2987 767 3061 vicinia
799 2987 976 3083 perlongi,
1013 2987 1107 3083 qvod
1141 2993 1198 3061 cst
1224 2985 1440 3076 Gnathonis,
1469 2995 1505 3060 ct
1530 2985 1568 3058 in
1593 2995 1677 3059 actu
1703 3008 1747 3060 cx
1773 2994 1899 3061 nata
1922 3008 2001 3062 mn

366 3109 478 3183 tentia
511 3115 637 3203 qvarto
663 3107 855 3203 gemellum
882 3108 952 3183 sibi
977 3108 1084 3182 habet
1110 3107 1261 3181 alterum
1288 3106 1448 3202 eJusdcm
1474 3104 1658 3181 Chaereae
1685 3107 1878 3202 propriam,
1905 3106 2000 3203 spot

366 3229 450 3303 item
485 3248 557 3301 non
591 3227 745 3323 amplius
780 3234 860 3301 octo
895 3228 1060 3301 versibus
1095 3227 1421 3323 comprehenditur3
1458 3227 1497 3301 in
1526 3250 1598 3323 qvo
1625 3235 1664 3301 nt
1690 3226 1915 3316 adolescens,
1943 3248 2002 3303 rc

367 3348 503 3444 luptate
527 3348 661 3421 amoris
687 3347 827 3437 fruitus,
855 3348 987 3444 gauffio
1014 3347 1216 3444 triumphat,
1244 3349 1296 3421 ita
1322 3348 1359 3421 in
1385 3347 1454 3422 hoc
1479 3348 1598 3444 priore
1624 3370 1665 3421 sc
1690 3348 1841 3443 praebet
1861 3346 2001 3445 pcrtlitc

366 3468 551 3542 incensum
576 3473 726 3563 aspecta
752 3467 870 3541 subito
896 3467 1153 3564 pulcherrimae
1180 3468 1343 3564 virginis,
1373 3491 1478 3563 qvam
1504 3491 1549 3542 cx
1571 3467 1686 3542 oculis
1705 3469 1875 3543 smmum
1895 3490 2001 3565 qvae

367 3587 424 3661 rit.
476 3585 661 3663 Couccsso
687 3595 816 3677 autem,
844 3587 938 3683 qvod
964 3587 1227 3663 concedendum
1255 3597 1320 3679 est,
1349 3589 1455 3662 cham
1477 3586 1546 3662 hoc
1566 3588 1795 3685 soliloqriam
1813 3587 2000 3665 <mas

367 3707 543 3781 anticum
578 3729 670 3798 esse,
707 3705 855 3803 dignum
890 3707 1042 3798 videtur,
1078 3708 1124 3783 ad
1155 3709 1259 3803 cujus
1285 3709 1458 3784 rationem
1485 3709 1638 3784 lectores
1663 3709 1861 3799 ostendant,
1888 3709 2000 3787 imore

367 3836 441 3901 tum
467 3826 664 3902 diverbiam
689 3826 935 3902 Parmenonis.
988 3827 1130 3901 Etenim
1158 3829 1194 3902 in
1220 3828 1293 3903 his:

367 3979 447 4057 ofl.
497 3976 690 4077 Ofa'cicm
709 3978 926 4081 pulchram!
950 3978 1069 4058 Delro
1097 3981 1212 4058 omnis
1239 3979 1368 4058 debinc
1393 4005 1441 4057 cx
1468 3982 1587 4058 animo
1613 3983 1804 4059 insilierat:

494 4096 635 4176 Perdit
657 4099 924 4176 cotidianarum
950 4098 1078 4176 inam
1099 4103 1314 4197 formarum.
1356 4103 1431 4178 PA.
1473 4101 1573 4178 Ecce
1598 4110 1716 4177 autern
1742 4104 1918 4179 alterurn!

494 4216 631 4296 Nc'acio
657 4218 751 4319 qaid
773 4219 821 4296 dr
846 4222 971 4297 amore
996 4221 1173 4320 loquitur:
1201 4245 1222 4298 o
1250 4222 1509 4317 infortunatam
1534 4225 1677 4299 renem!

494 4335 570 4416 Hic
594 4342 732 4430 utrost,
758 4341 822 4439 pai
845 4339 882 4416 si
906 4341 1102 4442 acciperit,

493 4456 639 4534 Ladan
666 4460 855 4559 iocumque
880 4458 978 4537 dicet
994 4461 1119 4557 scisse
1144 4461 1243 4537 illurn
1270 4463 1436 4554 alteram,

495 4575 638 4655 Procul
660 4576 769 4655 letias
793 4578 918 4656 rabies
943 4584 1041 4680 qaae'
1066 4579 1189 4657 dabit!

369 4733 527 4808 ultimum
562 4734 710 4808 verbum
744 4733 927 4810 Chaereae
961 4737 1210 4810 commiscetur
1243 4737 1393 4811 elisione
1428 4761 1507 4812 cum
1543 4739 1657 4836 primo
1687 4739 1932 4826 Parmenonis,
1958 4754 1995 4817 ct

370 4851 477 4948 hujus
502 4854 700 4928 diverbium
727 4855 773 4929 ab
800 4854 963 4929 iambicis
986 4858 1181 4931 octonariis
1206 4858 1245 4931 in
1271 4880 1349 4931 eam
1375 4859 1583 4935 varietatem
1609 4862 1712 4935 metri
1737 4861 1823 4950 abit,
1846 4870 1886 4936 ut
1904 4862 1994 4937 hacc

471 5061 504 5139 a)
527 5061 563 5120 V.
586 5061 717 5122 mulam
739 5061 920 5123 canticorum
940 5063 972 5122 ia
992 5068 1123 5124 extrem
1145 5065 1221 5125 libro
1241 5065 1306 5141 ejus
1327 5065 1488 5142 adjectam:
1511 5067 1561 5126 abi
1582 5068 1671 5126 ctiam
1693 5069 1808 5145 signam
1827 5071 1995 5148 interrop-

369 5165 459 5226 tionis
482 5163 623 5242 apposuit
643 5164 772 5227 iudicato
794 5183 815 5224 a
834 5181 868 5225 sc
887 5165 919 5225 in
939 5165 1035 5242 prin
1053 5183 1145 5228 scm
1165 5166 1367 5244 Adelphorum
1388 5170 1513 5238 antico,
1537 5170 1574 5231 do
1597 5188 1656 5248 qvo
1676 5189 1768 5249 capra
1787 5172 1925 5234 dixi-us
