4726 6270
420 505 460 568 42
950 502 1171 568 Enunanus
1197 521 1219 567 s
1245 502 1419 568 Baorvdn

374 701 477 776 triste
511 701 696 791 sonabant,
733 721 776 775 ac
811 699 1060 775 dissimillimis
1095 723 1213 776 rerum
1247 700 1510 776 conditionibus
1544 700 1810 799 animorumqve
1844 702 2005 779 motibus

375 822 472 895 varie
499 819 740 917 exprimendis
765 819 912 895 idoneae
940 818 1116 895 Sarranae
1141 820 1285 895 fuerint.
1338 818 1474 910 Qvales
1500 819 1533 894 si
1559 844 1630 895 nou
1654 821 1819 913 fuissent,
1839 823 2005 917 profecto

374 942 463 1016 nulli
496 942 639 1016 fabulae
665 940 853 1015 Plautinae
880 948 985 1036 atqve
1011 941 1101 1016 nulli
1127 940 1330 1015 comoediae
1356 939 1422 1015 toti
1447 947 1553 1036 aptae
1579 963 1660 1015 esse
1686 942 1898 1037 potuissent.
1951 941 2005 1016 Et

374 1084 461 1135 sane
495 1060 584 1134 nihil
618 1061 736 1134 minus
771 1060 899 1150 decuit,
937 1083 1041 1154 qvam
1077 1068 1116 1134 ut
1148 1067 1285 1134 maesta
1310 1060 1483 1157 qvaedam
1509 1061 1654 1135 tristitia
1678 1062 1834 1136 musicae
1859 1063 2004 1137 actibus

374 1181 617 1278 Adelphorum
642 1180 874 1276 praecineret.
929 1179 1062 1255 Verum
1089 1180 1190 1254 nimii
1214 1182 1358 1255 fuerunt
1382 1180 1544 1256 homines
1567 1181 1662 1255 docti
1682 1181 1719 1254 in
1739 1182 1905 1256 tibiarum
1925 1204 2003 1256 sce·

372 1303 531 1375 nicarum
566 1299 760 1395 generibus
795 1298 849 1372 sic
875 1298 945 1373 sibi
970 1300 1203 1395 opponendis,
1231 1301 1335 1396 qvasi
1361 1300 1498 1374 nullum
1522 1323 1639 1397 genus
1665 1301 1783 1397 ipsum
1808 1302 1847 1376 in
1873 1324 1913 1376 se
1940 1301 2002 1376 ha

371 1421 511 1496 buisset
536 1419 679 1516 aliqvod
706 1418 902 1493 subsidium
928 1417 973 1493 ad
999 1418 1085 1513 qvid
1110 1420 1280 1493 contrarii
1305 1420 1523 1495 transeundi.
1578 1418 1776 1496 Salmasius
1797 1421 1910 1518 igitur
1927 1445 2004 1497 non·

371 1540 476 1615 aliter
502 1541 684 1614 severiora
709 1547 745 1613 et
770 1539 919 1613 laetiora
943 1538 982 1611 in
1006 1537 1182 1635 Adelphis
1202 1545 1308 1613 cantu
1326 1539 1493 1615 tibiarum
1512 1540 1684 1636 conjungi
1702 1543 1863 1638 potuisse
1883 1563 2000 1638 neqve

372 1668 525 1735 mutatos
559 1661 693 1749 modos,
731 1681 821 1755 qvos
853 1659 939 1732 dicit
965 1659 1140 1749 Donatus,
1167 1659 1272 1733 aliter
1298 1659 1452 1755 intelligi
1479 1683 1586 1756 posse
1612 1668 1724 1757 putat,
1753 1685 1858 1758 qvam
1883 1669 1923 1738 nt
1948 1663 1999 1736 af·

371 1781 487 1855 firmet
513 1788 634 1875 „certo
661 1780 792 1854 certius
819 1801 901 1853 esse
927 1778 1112 1875 Adelphos
1138 1778 1299 1853 Terentii
1324 1786 1440 1852 actam
1467 1802 1547 1854 esse
1573 1780 1706 1879 Lydiis
1733 1781 1839 1856 simul
1861 1789 1897 1856 et
1919 1780 1999 1857 Ser·

371 1903 479 1992 ranis,
515 1903 583 1976 hoc
619 1908 674 1975 est
707 1900 851 1996 paribus
887 1898 1023 1973 dextris
1058 1907 1094 1973 et
1129 1899 1309 1973 sinistris“
1345 1899 1406 1996 (ad
1438 1898 1568 1996 Script.
1596 1901 1678 1975 hist.
1707 1901 1804 1997 Aug.
1830 1925 1866 1998 p.
1895 1906 1997 1998 495).-

371 2020 441 2099 Oui
475 2021 512 2095 in
545 2022 614 2094 hac
647 2043 697 2111 re,
733 2027 772 2094 ut
801 2020 877 2114 jam
912 2041 1021 2114 supra
1055 2018 1416 2110 commemoravimus,
1445 2019 1661 2112 Boeckhius,
1690 2044 1849 2096 summus
1874 2029 1999 2096 auctor

371 2165 477 2217 verae
509 2141 705 2215 sententiae
732 2140 776 2214 de
803 2139 969 2214 tibiarum
996 2138 1142 2213 dextrae
1169 2147 1204 2212 et
1231 2139 1397 2213 sinistrae
1424 2141 1535 2231 sonis,
1562 2164 1634 2215 non
1659 2150 1846 2238 repugnat.
1897 2142 2000 2217 Inter

371 2285 432 2336 eos
467 2269 595 2351 autem,
632 2259 693 2355 qvi
727 2281 840 2354 nuper
873 2256 1087 2332 didascalias
1113 2259 1350 2332 Terentianas
1377 2260 1608 2356 explicandas
1635 2270 1880 2358 susceperunt,
1908 2262 1999 2337 Wil-

370 2381 565 2472 mannsius,
602 2379 664 2475 qvi
698 2378 883 2474 opiniones
909 2377 1174 2452 Pseudodonati
1200 2386 1237 2452 et
1263 2376 1432 2453 Salmasii
1458 2378 1502 2454 dc
1529 2380 1628 2454 sonis
1653 2380 1820 2455 tibiarum
1846 2382 1997 2478 amplec-

369 2501 466 2591 titur,
500 2500 637 2574 duabus
665 2498 811 2588 dextris,
840 2520 929 2592 qvas
956 2519 1087 2593 graves
1114 2497 1260 2594 cogitat,
1287 2497 1473 2594 Adelphos
1500 2522 1581 2574 esse
1608 2507 1724 2574 actam
1753 2501 1876 2592 credit,
1906 2524 1997 2599 „pro

370 2620 587 2696 canticorum
612 2620 775 2707 natura“,
810 2616 869 2713 (de
895 2616 1024 2711 qvibus
1050 2616 1140 2691 nihil
1166 2619 1270 2692 affert
1295 2618 1532 2716 singillatim),
1560 2620 1654 2694 iuter
1680 2621 1921 2716 praefationes
1945 2623 1997 2696 fa·

317 2772 320 2781 ·
367 2741 531 2816 bularum
561 2745 597 2812 ct
628 2738 741 2811 libros
766 2737 928 2811 Terentii
954 2736 1218 2832 dijudicandum
1245 2760 1326 2812 esse
1353 2760 1505 2812 censens
1531 2739 1580 2834 (p.
1609 2737 1685 2835 47).
1737 2739 1905 2831 Kohlius,
1934 2743 1996 2838 qvi

368 2861 412 2936 de
446 2860 613 2934 tibiarum
647 2857 684 2931 vi
714 2864 750 2931 et
780 2856 978 2930 differentia
1003 2856 1162 2952 alioqvin
1187 2857 1397 2931 auctoritate
1423 2857 1608 2949 Boeckhii,
1636 2858 1726 2933 nihil
1751 2861 1831 2956 ipse
1857 2861 1994 2939 addens

367 2979 567 3078 argumenti
592 2977 721 3068 idonei,
749 2983 937 3052 contentus
963 2984 1029 3067 est,
1058 2977 1102 3050 da
1130 2975 1296 3052 Sarranis
1322 2977 1447 3051 ducem
1473 2977 1606 3052 deserit
1631 2992 1778 3075 propter
1795 2981 1993 3078 Adelphos,

368 3101 426 3177 cni
460 3099 663 3174 comoediae
699 3096 873 3172 Sarranus
906 3096 1088 3192 adjudicat
1121 3095 1230 3188 solas,
1267 3119 1329 3171 eas
1363 3119 1448 3172 vero
1473 3120 1581 3193 pares
1608 3098 1752 3173 dextras
1779 3101 1994 3198 easdemqve

367 3228 491 3297 acutas
525 3219 637 3292 iuuisse
672 3241 715 3291 ac
747 3240 873 3291 souum
905 3215 1166 3310 „exsultantem
1193 3223 1229 3290 et
1253 3216 1409 3290 laetum“
1437 3217 1593 3293 edidisse
1619 3219 1812 3295 arbitratur
1838 3222 1886 3318 (p.
1916 3222 1992 3317 35),

367 3349 476 3415 utne
502 3337 725 3434 quaesivisse
752 3337 893 3432 qvidem
919 3336 1092 3426 videatur,
1120 3359 1210 3432 qvae
1237 3344 1358 3411 esseut
1384 3344 1420 3411 et
1446 3339 1567 3433 qvaha
1586 3339 1736 3413 cantica.
1777 3340 1993 3416 Dniatzkius

366 3461 518 3556 deuiqve
554 3458 696 3533 omnino
730 3457 914 3531 codicibus
948 3454 1109 3530 Terentii
1135 3455 1217 3551 plus
1243 3455 1328 3530 fidei
1353 3479 1459 3552 qvam
1485 3458 1619 3532 Donati
1644 3459 1765 3534 verbis
1791 3459 1992 3535 habendum

364 3581 518 3677 illosqve
545 3580 589 3653 de
615 3578 715 3652 tibiis
742 3576 943 3671 seqvendos
970 3576 1161 3665 existimat,
1190 3576 1266 3666 sed,
1296 3574 1472 3652 Sarranae
1495 3578 1619 3673 qvales
1637 3579 1780 3669 luerint,
1798 3580 1837 3654 in
1855 3580 1992 3656 incerto

364 3698 533 3795 relinqvit
567 3699 617 3795 (p.
651 3701 722 3773 594
756 3696 860 3791 sqq).
913 3695 1099 3791 Eqvidem,
1127 3696 1222 3789 qvod
1247 3697 1375 3770 attinet
1400 3699 1445 3771 ad
1471 3697 1580 3772 tibias
1605 3699 1860 3796 Adelphorum,
1887 3701 1992 3777 libris

364 3818 593 3894 Terentianis
619 3816 724 3891 fidem
751 3815 829 3889 sine
855 3815 929 3889 ulla
955 3815 1173 3890 dubitatione
1200 3815 1436 3911 adjunxerim3
1473 3817 1558 3914 qvid
1584 3829 1702 3893 antem
1729 3820 1773 3893 de
1800 3821 1927 3895 erratis
1952 3821 1991 3896 in

364 3938 645 4035 praefationibus
679 3936 814 4011 Donati
848 3943 885 4010 et
917 3935 955 4010 in
990 3936 1149 4031 ejusdem
1181 3936 1225 4009 de
1252 3936 1435 4010 comoedia
1459 3937 1583 4011 libello
1609 3939 1810 4014 commissis
1837 3941 1990 4015 sentien-

364 4060 447 4133 dum
473 4059 531 4149 sit,
560 4057 674 4131 dicam
701 4055 838 4151 aptiore
864 4055 943 4130 loco
969 4056 1015 4129 ad
1041 4055 1262 4131 Eunuchum.
1822 4039 1824 4042 ’

464 4178 513 4252 II.
566 4177 649 4252 Non
683 4177 811 4266 minus,
848 4198 950 4273 qvam
986 4175 1024 4249 iu
1058 4174 1245 4271 Adelphis,
1277 4175 1360 4250 libri
1385 4176 1548 4250 Terentii
1573 4177 1610 4251 in
1637 4178 1877 4271 Eunucho,
1906 4181 1989 4255 dum

363 4299 455 4372 inter
481 4321 520 4372 se
547 4297 754 4392 conspirant
766 4297 813 4392 ⁴⁵),
842 4319 921 4371 oum
946 4295 1166 4391 praefatione
1192 4295 1327 4370 Donati
1353 4295 1397 4369 dc
1423 4296 1590 4370 tibiarum
1616 4321 1747 4394 genere
1771 4299 1987 4397 discrepant.

364 4419 455 4491 Nam
480 4417 535 4491 illi
561 4416 717 4491 tabulam
746 4413 846 4491 tibiis
872 4413 1014 4491 duobus
1040 4413 1181 4491 dextris
1207 4423 1322 4489 aotam
1350 4438 1431 4490 esse
1457 4423 1622 4492 auctores
1642 4428 1734 4508 sunt,
1756 4418 1795 4493 in
1814 4419 1882 4494 hac
1902 4443 1988 4495 vero

362 4537 532 4633 scriptum
568 4546 638 4611 est:
675 4535 775 4612 tibiis
810 4534 941 4611 dexto
976 4539 1014 4610 ct
1043 4535 1195 4611 sinistra
1230 4533 1275 4612 ob
1295 4533 1490 4634 jocularia
1515 4538 1573 4613 ool
1594 4538 1705 4613 merda
1718 4539 1781 4629 ss)
1802 4539 1988 4639 permixta

359 4656 549 4756 proritat.
603 4655 720 4753 Supra
752 4656 862 4730 allata
897 4663 932 4731 et
967 4655 1146 4752 explicata
1181 4663 1274 4746 suut,
1311 4677 1402 4752 qvae
1438 4655 1483 4730 de
1513 4655 1685 4732 diverbiis
1711 4665 1747 4733 et
1772 4658 1923 4734 canticis
1948 4659 1987 4734 in

361 4777 486 4853 endem
512 4778 731 4872 praelatione
757 4778 937 4873 leguntur.

461 5033 494 5111 *)
516 5034 590 5096 cor.
613 5035 780 5113 Geppertns
801 5035 819 5095 l.
844 5053 869 5095 c.
893 5052 924 5111 p.
947 5035 1008 5095 552
1031 5052 1098 5111 sqq.

459 5153 510 5231 **)
532 5156 667 5217 Klotzius
689 5159 736 5217 vel
754 5158 847 5217 multo
867 5155 1027 5216 secundum
1041 5155 1185 5217 editiones
1201 5154 1363 5233 principem
1378 5160 1408 5217 et
1423 5156 1566 5219 Venetam
1581 5159 1650 5219 anni
1669 5160 1759 5228 1485;
1775 5159 1867 5238 vulgo
1880 5160 1982 5221 medlo.
