4726 6270
954 506 1156 584 Quaestionem
1182 508 1397 573 Terentianae.
1905 512 1947 577 33

361 711 462 784 illum
497 731 517 783 e
550 707 684 783 Donati
709 707 753 781 de
779 694 964 780 comoedia
988 706 1111 781 libello
1137 707 1378 782 contulerunt:
1415 703 1592 783 Dioerbia
1617 704 1812 784 histriones
1833 731 1991 809 pronun-

362 827 510 906 tiabant.
569 825 721 903 Cantica
747 848 831 902 roro
858 824 1150 926 temperabantur
1175 824 1307 919 modis,
1331 849 1403 903 non
1430 850 1454 902 a
1475 834 1600 927 poeta,
1625 827 1695 903 sed
1718 830 1880 930 operito
1900 830 1992 905 artis

360 948 523 1025 nasicae
546 945 673 1043 sactis.
727 943 852 1045 Neque
878 946 972 1021 enim
999 945 1119 1022 onnia
1146 945 1276 1023 iisdem
1301 945 1420 1023 modis
1445 947 1483 1022 in
1511 971 1581 1024 ano
1609 948 1751 1024 ronaco
1778 947 1992 1047 apebantnr,

361 1066 432 1145 sed
459 1089 571 1167 saepe
598 1065 758 1159 mutatis,
785 1073 825 1141 at
847 1065 1068 1165 significant,
1095 1066 1154 1166 qai
1180 1073 1254 1141 tres
1278 1089 1448 1142 nnrnaos
1474 1067 1512 1142 in
1538 1066 1735 1145 comoediis
1751 1075 1907 1169 ponant,
1933 1068 1993 1167 qvi

363 1197 438 1264 tres
472 1186 655 1264 conanent
685 1184 812 1263 nodos
847 1186 981 1263 conici
993 1188 1039 1281 ⁴⁸¹).
1093 1185 1233 1278 Quibus
1268 1187 1305 1260 in
1340 1187 1461 1261 verbis
1487 1188 1572 1282 qvid
1599 1189 1668 1263 sibi
1695 1189 1806 1262 velint
1831 1198 1904 1262 tres
1931 1212 1992 1262 nu·

363 1308 461 1397 meri,
479 1383 481 1386 ,
498 1308 589 1382 satis
623 1306 852 1381 Hermannus
886 1310 935 1403 (p.
974 1311 1046 1382 294
1084 1309 1154 1403 sq.)
1181 1315 1329 1381 eatenus
1356 1307 1525 1398 declarat,
1553 1315 1592 1382 ut
1617 1309 1728 1384 moris
1753 1309 1822 1382 hoe
1848 1316 2000 1411 censeat

362 1428 486 1516 fuisse,
515 1435 554 1502 ut
579 1435 721 1523 praeter
748 1451 826 1502 eam
853 1427 1163 1524 significationem,
1192 1450 1283 1523 qvae
1310 1436 1386 1502 erat
1412 1429 1449 1501 in
1476 1428 1579 1503 titulo
1606 1451 1746 1519 scenae,
1774 1429 1921 1524 insuper
1947 1429 1993 1502 ad

363 1571 425 1622 eos
451 1569 579 1621 versus
606 1547 748 1636 cantici,
776 1549 814 1621 iu
840 1549 968 1642 quibus
995 1554 1213 1621 mutarentur
1237 1547 1343 1636 modi,
1371 1548 1635 1622 ascriberentur
1656 1570 1721 1621 suo
1744 1549 1895 1645 qvisqve
1915 1548 1993 1622 loeo

362 1669 400 1741 in
432 1667 594 1763 margine
628 1667 765 1741 numeri
796 1666 830 1757 Ι,
862 1667 916 1757 Π,
944 1667 1012 1740 ΙΠ.
1066 1667 1233 1741 Ternarii
1259 1690 1345 1741 vero
1371 1668 1509 1741 numeri
1535 1669 1591 1741 vis
1617 1668 1655 1741 in
1681 1691 1720 1743 re
1745 1669 1882 1743 musica
1907 1670 1993 1742 auti·

363 1809 433 1884 qva
458 1809 564 1882 qvam
591 1786 777 1881 multiplex
802 1786 921 1875 fuerit,
949 1795 1069 1860 monet
1095 1786 1259 1883 Langius
1286 1784 1325 1883 (l.
1355 1810 1385 1860 o.
1409 1810 1444 1883 p.
1467 1791 1542 1879 44),
1563 1796 1707 1861 auctore
1726 1810 1815 1862 usus
1835 1788 1994 1863 Aristide

363 1906 595 1998 Qvintiliam,
624 1907 728 2001 cujus
754 1907 864 1979 verba
890 1906 978 1979 talia
1004 1914 1087 1979 sunt
1100 1907 1170 2002 ml),
1198 1915 1236 1980 ut
1263 1906 1370 1981 etiam
1395 1907 1523 1981 iisdem
1549 1908 1650 1983 tibiis
1677 1909 1842 2004 geminis,
1865 1909 1994 2003 quibus

362 2034 489 2101 cantus
514 2026 645 2120 aliquis
671 2026 836 2122 inceptus
863 2034 950 2116 erat,
988 2049 1134 2122 quarum
1161 2049 1241 2101 eum
1266 2027 1348 2102 aliis
1374 2028 1413 2100 in
1440 2027 1563 2102 eodem
1590 2030 1729 2102 cantico
1756 2016 1994 2103 commutatio·

363 2171 443 2221 nem
478 2146 557 2220 loco
592 2147 726 2220 Donati
761 2147 825 2220 illo
852 2146 994 2220 ostendi
1020 2147 1242 2242 negavimus,
1270 2148 1424 2222 maxime
1450 2150 1568 2222 varios
1594 2158 1701 2247 atqve
1727 2150 1833 2246 plane
1860 2158 1995 2223 conha-

363 2267 437 2341 rios
463 2266 660 2341 animorum
686 2275 803 2341 motus
830 2289 895 2362 per
920 2267 1098 2363 triplicem
1123 2267 1398 2342 modulationem
1425 2269 1573 2364 exprimi
1595 2270 1756 2365 potuisse
1775 2276 1906 2365 pateat.
1947 2269 1995 2341 Et

363 2386 480 2482 qualis
515 2386 596 2476 ista,
633 2409 777 2481 quaeso,
810 2387 941 2460 fuisset
966 2387 1180 2461 musicorum
1208 2396 1368 2462 veterum
1394 2411 1465 2477 ars,
1493 2390 1525 2462 si
1551 2388 1640 2462 nihil
1666 2389 1738 2464 nisi
1764 2391 1876 2477 triste,
1904 2411 1995 2462 mae·

364 2516 469 2596 stum,
507 2529 672 2580 severum
706 2529 777 2580 uno
812 2528 945 2601 genere
979 2507 1145 2582 tibiarum
1180 2507 1408 2598 cecinissent,
1436 2530 1503 2582 uec
1528 2509 1720 2604 qvidqvam
1745 2508 1817 2583 alio
1843 2507 1995 2603 qvodam

364 2626 435 2700 nisi
469 2626 595 2715 hilare,
629 2626 772 2716 laetum,
800 2627 975 2722 jocosum,
1004 2628 1036 2701 si
1062 2650 1134 2701 non
1159 2628 1287 2701 iisdem
1313 2628 1412 2703 tibiis
1439 2650 1462 2701 a
1487 2628 1735 2725 desperatione
1762 2629 1807 2702 ad
1835 2650 1946 2724 spem,
1974 2653 1997 2701 a

365 2769 502 2823 summo
538 2746 661 2821 dolore
695 2747 740 2820 ad
776 2748 967 2821 maximum
1002 2748 1172 2844 gaudium
1205 2769 1396 2843 assurgere
1428 2755 1463 2820 et
1489 2748 1713 2837 contrariam,
1741 2747 1883 2843 qvando
1908 2769 1996 2821 usus

365 2874 451 2956 erat,
480 2868 574 2941 viam
600 2869 767 2963 persequi
794 2868 1015 2964 potuissent?
1051 2867 1123 2942 Sed
1149 2867 1243 2963 qvia,
1263 2875 1432 2963 utsupra
1450 2867 1876 2965 indicatumest(p.18),
1898 2866 1996 2941 aliud

364 3010 481 3084 genus
516 2987 682 3060 tibiamm
717 2987 781 3060 alii
815 2995 1025 3083 argumento
1051 2986 1352 3061 accommodatius
1378 2992 1464 3075 erat,
1491 2986 1573 3060 ideo
1600 2987 1753 3082 qvidem,
1780 3009 1852 3061 non
1879 2995 1995 3061 autem

364 3109 464 3182 velut
497 3107 531 3180 si
564 3130 628 3203 per
659 3129 699 3181 se
726 3108 890 3204 qvodqve
916 3131 1032 3203 genus
1058 3107 1148 3181 nihil
1174 3114 1317 3203 praeter
1341 3128 1448 3180 unam
1473 3128 1548 3179 rem
1574 3105 1721 3196 valeret,
1749 3130 1918 3202 magnum
1943 3107 1996 3181 rei

365 3227 557 3302 discrimen
593 3228 672 3301 sine
706 3227 814 3302 dubio
848 3228 886 3300 in
921 3228 1096 3302 electione
1130 3226 1295 3300 tibiarum
1330 3226 1537 3321 ponebatur.
1569 3267 1613 3280 —
1642 3226 1744 3300 Haec
1770 3227 1816 3300 ad
1841 3226 1996 3323 priorem

364 3357 503 3445 partem
529 3347 600 3421 loci
627 3371 647 3422 e
673 3348 893 3444 praefatione
920 3347 1164 3443 Adelphorum
1192 3369 1301 3442 supra
1322 3345 1424 3419 allati
1444 3346 1660 3442 disputanda
1677 3346 1782 3421 nobis
1800 3347 1881 3420 visa
1900 3355 1994 3434 sunt,

364 3469 572 3565 priusquam
608 3468 654 3542 ad
684 3468 928 3564 posteriorem,
958 3491 1049 3564 qvae
1075 3467 1160 3541 hinc
1186 3466 1336 3540 orditur:
1373 3463 1467 3540 Item
1494 3463 1659 3542 diverbia
1686 3464 1733 3541 ab
1759 3463 1997 3541 histrionibus

366 3586 495 3663 crebro
526 3587 764 3686 pronuntiata
797 3591 883 3662 sant
906 3610 937 3662 e.
965 3611 1000 3683 q.
1028 3610 1071 3678 s.,
1105 3585 1408 3682 interpretandam
1434 3586 1722 3682 aggrederemur.
1776 3584 1892 3676 Quam
1918 3609 1996 3682 par·

365 3715 436 3781 tem
461 3708 488 3781 ii
514 3716 576 3782 aut
600 3708 860 3804 praeterierunt
886 3709 1031 3784 silentio
1057 3714 1128 3796 aut,
1156 3713 1197 3780 ut
1222 3706 1396 3801 Langius,
1430 3728 1471 3778 se
1497 3729 1568 3779 non
1594 3705 1815 3782 intellexisse
1841 3705 1997 3802 professi

366 3827 551 3923 suntffl),
588 3829 650 3922 qvi
684 3827 729 3902 de
760 3828 843 3934 loco
869 3828 1004 3903 Donati
1029 3827 1206 3916 dixerunt,
1234 3833 1376 3921 praeter
1401 3824 1586 3900 Wolifium
1613 3826 1662 3921 (p.
1692 3832 1712 3900 7
1741 3826 1812 3921 sq.)
1839 3832 1875 3900 et
1901 3824 1995 3923 Gry·

467 4033 500 4110 ⁴)
530 4034 668 4094 Proxime
695 4034 737 4094 ihi
765 4034 952 4110 sequentium
981 4033 1139 4094 verborum
1161 4031 1314 4092 venmimu
1335 4037 1381 4091 est
1403 4030 1579 4104 emendatio,
1604 4031 1660 4092 etsi
1682 4036 1773 4107 negat
1794 4029 1942 4106 Gryserus
1963 4048 1994 4107 p.

367 4139 438 4204 375,
461 4153 550 4211 qvam
571 4135 730 4218 proposuit
750 4135 883 4213 bangius
904 4136 934 4195 in
964 4137 1106 4198 lindiciis
1128 4135 1305 4210 vaporatae
1326 4135 1483 4194 Romanae
1503 4151 1533 4210 p.
1557 4137 1598 4193 tt
1621 4150 1680 4209 sq:
1708 4133 1801 4205 Illius,
1826 4134 1873 4208 qui
1893 4133 1995 4208 brp'ns·

365 4239 481 4300 ennodi
509 4240 611 4299 nodos
636 4237 783 4312 faciebat,
812 4255 918 4299 nomae
946 4241 978 4299 in
999 4240 1150 4315 principio
1176 4235 1304 4310 fabulae
1333 4243 1362 4296 et
1386 4238 1543 4313 scriptoris
1564 4242 1593 4296 ct
1614 4237 1726 4297 actoris
1746 4234 1994 4312 sepeponebant.

367 4341 416 4416 (In
438 4340 521 4400 libris
543 4346 601 4401 est:
625 4324 737 4402 cantici
758 4343 844 4402 illins.
892 4342 945 4413 Qui
965 4342 1169 4416 ua'uscenoar'
1189 4340 1292 4400 modos
1308 4337 1466 4411 fauebunt
1487 4356 1514 4398 e.
1537 4356 1567 4414 q.
1589 4340 1642 4414 a).

469 4443 521 4520 ”l
544 4438 752 4526 Anuqipovor
774 4441 802 4508 δ’
825 4437 978 4527 ἀλλήλων
1000 4443 1035 4506 ai
1053 4441 1246 4526 petonoriut·
1268 4435 1390 4522 pinet·
1414 4429 1459 4518 ὡς
1481 4435 1685 4524 ἐναρμόνιος,
1708 4435 1904 4524 χρωματική,
1924 4434 1995 4504 διά-

365 4561 473 4623 τονος·
496 4542 738 4630 συστήματι·
762 4536 807 4624 ὡς
828 4535 1037 4629 inueneritis,
1058 4539 1238 4628 μονοειδής,
1266 4539 1448 4628 moestis·
1474 4537 1591 4628 τόνῳ·
1619 4533 1665 4620 ὡς
1685 4537 1817 4624 dipsas,
1841 4537 1994 4625 φρύγιος,

365 4643 491 4725 tutior
512 4643 664 4736 τρόπῳ·
687 4645 824 4736 νόμικῷ,
847 4647 1088 4734 διθυραμβιιιῷ,
1111 4647 1262 4734 τραγικῷ·
1285 4642 1390 4731 ἤθει·
1413 4634 1458 4722 ὡς
1480 4640 1587 4729 φαμὲν
1608 4641 1669 4729 τὴν
1690 4640 1750 4728 μὲν
1768 4638 1994 4729 συσταλτιιιὴν,

368 4750 406 4816 di
432 4739 472 4834 ἧς
501 4747 596 4835 πάθη
621 4747 755 4838 lannois
780 4752 948 4836 κινοῦμεν·
972 4748 1032 4835 τὴν
1055 4745 1089 4814 δὲ
1111 4744 1348 4833 ὁιασταλτικὴν,
1370 4747 1409 4812 δι’
1431 4737 1470 4834 ἦς
1491 4743 1551 4814 τὸν
1572 4743 1686 4832 θυμὸν
1707 4743 1912 4832 ἐξεγείρομεν·
1933 4747 1995 4832 τὴν

369 4849 403 4917 δὲ
424 4848 536 4937 μέσην.
561 4852 599 4918 δι’
620 4842 661 4937 ἧς
684 4855 728 4931 εἰς
747 4849 884 4939 ἠρεμίαν
904 4848 966 4938 τὴν
987 4848 1099 4939 tigno
1121 4847 1327 4936 περαίνομεν.
1361 4853 1525 4930 (Antiquae
1547 4853 1675 4913 musicae
1696 4857 1842 4920 ructares,
1858 4851 1905 4911 ed.
1921 4851 1995 4912 hlei·

369 4955 457 5021 bom..
481 4961 550 5016 tom.
575 4959 593 5016 2
614 4975 643 5034 p.
667 4961 717 5025 30,
740 4958 819 5033 qvod
840 4974 916 5035 opus
937 4956 976 5017 sd
998 4975 1115 5018 manum
1138 4957 1202 5033 ipse
1224 4974 1283 5015 non
1303 4955 1418 5030 habui).

471 5056 542 5134 m)
565 5058 678 5120 Horum
700 5060 808 5119 Donati
833 5059 990 5120 verborum
1010 5060 1185 5120 sententiam
1201 5057 1356 5119 obscuram
1370 5056 1536 5134 neqveuum
1551 5058 1726 5135 explicatam
1742 5074 1806 5117 esse
1821 5056 1893 5116 dicit
1908 5057 1996 5117 etiam

360 5159 618 5231 „Friedlaendems
639 5161 669 5221 in
692 5161 927 5237 Antiquitatibus
949 5161 1072 5223 Beckeri
1095 5167 1125 5222 et
1146 5160 1349 5237 llarqvardtii,
1372 5159 1422 5220 Ν.
1444 5178 1476 5238 p.
1500 5163 1570 5230 540,
1594 5179 1662 5222 ann.
1687 5163 1780 5223 3453.

1823 5272 1841 5331 5
