4726 6270
558 1538 595 1623 1.
655 1538 725 1623 Ile
757 1539 948 1625 canticis
981 1496 1029 1624 et
1058 1539 1184 1625 tibiis
1215 1540 1477 1626 fabularum
1506 1539 1721 1629 Terentii.

422 1812 552 1886 Mirum
579 1821 635 1886 est
661 1812 858 1902 silentium,
887 1836 957 1908 quo
985 1814 1141 1887 editores
1162 1813 1324 1886 Terentii
1343 1835 1483 1887 omnem
1503 1814 1541 1888 iu
1562 1813 1861 1910 explicationibus
1881 1814 1957 1888 suis

321 1932 545 2028 singulorum
571 1931 787 2005 mentionem
814 1934 1046 2022 canticorum,
1076 1933 1180 2028 quasi
1205 1940 1266 2006 aut
1292 1933 1392 2006 nulla
1413 1933 1486 2007 siut
1505 1942 1568 2007 aut
1586 1956 1646 2007 res
1665 1934 1800 2009 nullius
1819 1934 1869 2008 sit
1887 1957 1957 2009 mo·

321 2053 445 2140 menti,
482 2052 658 2127 omittunt.
712 2051 814 2142 Quae
850 2053 992 2148 quidem
1020 2075 1078 2128 res
1104 2075 1184 2126 cum
1211 2060 1330 2125 tamen
1355 2053 1394 2125 iu
1420 2052 1644 2127 enarratione
1669 2053 1796 2127 harum
1822 2076 1958 2129 comoe-

321 2173 458 2246 diarum
486 2172 576 2246 satis
602 2173 651 2246 sit
676 2173 816 2268 gravis,
854 2195 935 2247 esse
963 2181 1081 2248 autem
1107 2174 1145 2246 iu
1171 2173 1217 2246 iis
1244 2173 1385 2246 cantica
1410 2179 1551 2247 veteres
1577 2173 1832 2269 praefationes,
1867 2198 1958 2270 quae

321 2294 456 2367 Donati
490 2315 619 2368 nomen
653 2293 914 2389 praescriptum
948 2293 1096 2382 habent,
1133 2291 1255 2366 multis
1288 2292 1410 2366 verbis
1436 2301 1645 2381 memorent,
1674 2315 1832 2367 summae
1857 2294 1958 2369 illius

321 2414 575 2487 taciturnitatis
611 2437 721 2487 causa
754 2414 921 2509 ponenda
956 2423 1012 2488 est
1045 2414 1083 2487 in
1118 2413 1254 2486 incerto
1285 2411 1437 2506 quodam
1465 2418 1560 2486 statu
1586 2411 1693 2508 hujus
1720 2413 1956 2507 quaestionis,

323 2557 393 2628 quo
427 2535 560 2607 factum
595 2534 657 2621 sit,
694 2542 748 2622 ut,
783 2534 877 2629 quod
903 2533 1060 2607 noudum
1085 2533 1131 2606 ad
1158 2531 1331 2628 liquidum
1358 2532 1566 2627 perductum
1594 2555 1676 2606 esse
1703 2532 1893 2622 uideretur,
1921 2533 1959 2606 id

323 2653 468 2726 tacitum
504 2653 698 2749 praeterire
734 2653 919 2748 placuerit.
973 2653 1023 2725 Et
1056 2661 1174 2726 tamen
1206 2654 1282 2748 jam
1317 2659 1506 2748 postquam
1541 2675 1672 2748 operae
1698 2652 1852 2747 pretium
1879 2675 1958 2727 eum

324 2796 404 2846 esse
431 2774 621 2860 facturum,
650 2772 711 2866 qvi
739 2773 879 2846 cantica
903 2773 941 2845 iu
968 2773 1131 2846 Terentii
1158 2781 1194 2846 et
1220 2772 1339 2846 Plauti
1364 2772 1497 2847 fabulis
1524 2796 1550 2871 a
1569 2772 1740 2847 diverbiis
1763 2772 1959 2868 distingue-

323 2903 393 2978 ret,
429 2892 498 2965 hoc
533 2893 682 2966 veroin
709 2892 839 2966 Plauto
865 2892 1073 2988 plerumque
1099 2892 1243 2967 facilius
1270 2914 1351 2966 esse
1379 2915 1484 2987 qvam
1510 2892 1548 2965 in
1574 2893 1756 2983 Terentio,
1785 2891 1959 2968 Godofre·

324 3014 391 3086 dus
427 3012 656 3086 Hermaunus
690 3021 773 3087 ante
798 3012 866 3086 hos
893 3020 1060 3108 quattuor
1086 3021 1122 3087 et
1147 3012 1406 3107 quinquaginta
1432 3034 1545 3085 annos
1571 3011 1711 3086 dixerat
1723 3012 1770 3108 ⁴),
1807 3011 1958 3088 Godofr.

324 3135 419 3229 Aug.
457 3133 592 3207 Bened.
630 3132 793 3207 Wolffius
828 3133 933 3206 tertio
969 3133 1104 3207 decimo
1140 3155 1233 3205 armo
1268 3141 1351 3228 post
1385 3131 1422 3205 id
1453 3140 1594 3228 tempus
1621 3155 1699 3206 eam
1724 3132 1841 3227 ipsam
1868 3155 1957 3223 rem,

325 3277 429 3348 qvam
465 3253 719 3348 exquirendam
754 3252 983 3326 Hermaunus
1016 3252 1338 3341 commendaverat,
1368 3251 1549 3341 evolvere,
1578 3252 1684 3326 etiam
1711 3253 1749 3325 in
1775 3253 1958 3342 Terentio,

324 3373 375 3445 ita
401 3372 553 3461 studuit,
590 3381 629 3446 ut
654 3373 898 3469 quaestionem
926 3395 997 3446 nou
1023 3373 1056 3446 is
1083 3373 1225 3469 quidem
1252 3372 1452 3447 absolutam
1478 3380 1514 3446 et
1539 3373 1748 3469 perfectam,
1777 3372 1843 3447 sed
1869 3375 1960 3448 bene

324 3493 527 3566 inchoatam
553 3516 668 3589 neqve
694 3501 821 3588 postea
846 3494 1065 3567 reticendam
1091 3493 1276 3588 reliquerit
1288 3493 1356 3589 ⁸).
1410 3490 1501 3567 Sunt
1521 3491 1692 3566 nonnulla
1711 3492 1808 3588 apud
1827 3493 1960 3566 Teren·

324 3614 413 3685 tium
440 3612 596 3703 cantica,
625 3636 716 3707 qvae
743 3612 833 3686 nihil
858 3613 1028 3686 habentia
1054 3614 1285 3688 dubitationis
1307 3612 1506 3686 existimari
1526 3612 1727 3700 debuerint,
1749 3635 1960 3708 quamquam

326 3734 370 3807 de
406 3756 475 3807 uno
511 3734 589 3807 solo
624 3734 661 3807 in
697 3734 961 3807 commentariis
996 3734 1129 3807 Donati
1161 3733 1230 3807 hoc
1257 3755 1338 3806 esse
1365 3733 1541 3806 canticum
1567 3732 1718 3805 relatum
1746 3740 1817 3821 est,
1845 3755 1960 3829 neqve

324 3855 406 3949 plus
434 3876 539 3949 quam
566 3853 636 3927 duo
663 3853 766 3926 metri
792 3853 857 3926 tali
883 3877 906 3926 a
932 3854 1104 3929 diuerbiis
1131 3853 1345 3937 differentia,
1375 3861 1413 3927 ut
1439 3875 1566 3926 versus
1592 3853 1731 3941 cretici,
1758 3852 1958 3941 bacchiaci,

325 3973 512 4073 dactylici,
550 3973 780 4047 choriambici
813 3972 907 4046 inter
941 3974 1113 4048 iambicos
1150 3982 1185 4047 et
1217 3973 1418 4048 trochaicos
1445 3973 1580 4068 recepti
1607 3973 1694 4062 sint,
1722 3972 1874 4072 lyricam
1901 3996 1960 4046 na·

324 4102 440 4167 turam
475 4093 651 4182 indicant,
690 4117 760 4189 qua
794 4117 839 4166 ex
874 4116 912 4166 re
943 4116 987 4167 ea
1018 4094 1171 4168 maxime
1197 4094 1328 4190 pendet
1354 4092 1548 4166 difficultas
1574 4093 1714 4166 cantica
1740 4116 1762 4166 a
1788 4091 1961 4167 diuerbiis

325 4214 578 4309 dignoscendi,
607 4237 712 4309 qvam
739 4215 776 4287 iu
803 4214 974 4288 Terentio
1001 4216 1169 4309 maJorem
1197 4238 1302 4310 quam
1328 4214 1365 4287 in
1393 4214 1521 4286 Plauto
1548 4236 1630 4286 esse
1650 4213 1878 4286 Hermaunus
1898 4213 1958 4286 ait.

326 4333 518 4428 Equidem,
555 4356 635 4407 cum
665 4335 741 4429 jam
777 4343 860 4407 ante
896 4335 1077 4430 cognitum
1113 4334 1200 4407 mihi
1232 4334 1393 4408 libellum
1425 4333 1565 4408 Wolffii
1590 4356 1664 4406 rem
1692 4333 1737 4407 ab
1765 4332 1961 4408 editoribus

327 4453 527 4547 neglectam
554 4478 691 4528 mecum
720 4434 916 4550 dijudicare
944 4463 1094 4528 conatus
1121 4478 1253 4544 essem,
1282 4465 1365 4550 post
1391 4477 1470 4528 eum
1497 4454 1583 4527 mihi
1603 4453 1733 4527 librum
1753 4453 1896 4526 taudem
1917 4477 1961 4526 ex

327 4572 527 4666 antiquaria
561 4573 709 4648 libraria
744 4574 960 4650 Germaniae
995 4575 1220 4671 impetratum
1254 4584 1326 4647 tam
1362 4574 1473 4648 multa
1505 4573 1740 4647 animaduerti
1766 4596 1789 4645 a
1814 4572 1961 4679 Wolftio

328 4691 451 4764 eodem
486 4695 590 4769 modo
625 4703 720 4768 recte
756 4697 964 4784 constituta,
997 4706 1035 4769 ut
1061 4696 1097 4769 in
1125 4696 1182 4769 his
1209 4718 1303 4768 nuno
1331 4695 1424 4786 ejus,
1452 4703 1630 4790 tamquam
1658 4693 1777 4784 ducis,
1807 4693 1963 4788 uestigia

330 4862 421 4870 —„.
437 4866 724 4876 —...—.—.-.-—..

431 4965 462 5040 *)
490 4968 524 5026 lu
547 4967 754 5029 dissertatione
778 4973 815 5031 de
837 4975 955 5032 coredco
977 4975 1007 5031 in
1031 4973 1232 5032 Romanorum
1251 4970 1367 5046 sabulis
1387 4973 1528 5050 scenicio5
1555 4989 1583 5028 u.
1607 4971 1672 5048 ejus
1694 4969 1835 5046 Opuscul.
1859 4969 1917 5028 uol.
1944 4971 1958 5027 l

329 5085 358 5143 p.
383 5069 454 5126 298.

431 5186 482 5260 **)
506 5188 552 5249 Ile
574 5192 700 5250 conticis
723 5195 752 5252 in
776 5194 978 5253 Rornanorum
996 5195 1112 5268 [obadia
1133 5198 1258 5256 comicis
1279 5194 1376 5267 (Halis
1402 5198 1493 5264 1824,
1516 5213 1702 5272 programma
1724 5193 1893 5269 Porteuse).
