4726 6270
945 519 1148 596 Qonestiones
1175 520 1392 585 Terentianae.
1911 522 1950 584 19

360 727 509 795 stratum
536 726 713 815 putamus.
748 760 788 772 -
818 717 940 793 Unum
967 719 1082 794 solum
1109 716 1282 792 hocloco
1309 719 1549 814 adjungimus.
1596 716 1691 809 Quid
1702 740 1822 818 pares
1841 716 1995 792 dextrae

359 839 617 935 intelligendae
649 838 847 928 videantur,
877 841 960 935 qvid
983 860 1097 938 pares
1122 837 1309 930 sinistrae,
1336 840 1522 934 superiora
1548 839 1638 912 satis
1665 840 1792 914 docent
1819 838 1995 936 (deipsis

361 961 456 1034 enim
491 959 591 1033 souis
626 981 721 1032 nuuc
757 980 828 1033 nou
863 959 1070 1055 loquimur);
1098 959 1182 1031 illae
1210 981 1295 1031 vero
1321 958 1378 1031 bis
1405 956 1501 1031 dane
1527 955 1681 1032 destrae
1707 959 1933 1054 appellantur
1958 958 1994 1032 in

257 1133 264 1151 .
362 1080 571 1154 didascaliis
597 1080 837 1169 Terentianis,
872 1102 939 1153 nec
965 1102 1129 1175 umqvam
1158 1079 1195 1151 in
1222 1078 1280 1151 his
1306 1078 1421 1152 titulis
1447 1079 1580 1173 legitur
1596 1100 1715 1177 pares
1743 1076 1895 1153 dextrae
1921 1076 1997 1172 (aut

354 1224 396 1298 p.
432 1198 638 1291 sinistrae),
674 1200 738 1273 sed
773 1200 1015 1273 tantummodo
1050 1200 1216 1273 Donatus
1251 1199 1295 1272 de
1322 1199 1421 1272 tibiis
1448 1199 1617 1286 Andriae,
1646 1199 1703 1272 oui
1730 1199 1873 1272 fabulae
1900 1197 1996 1272 dida·

363 1319 476 1392 scalia
510 1319 590 1413 ipsa
627 1341 698 1391 uon
733 1325 857 1407 restat,
894 1342 1016 1393 verum
1048 1319 1131 1393 inde
1162 1320 1276 1414 petita
1301 1321 1457 1393 narratio
1485 1320 1564 1392 sola
1589 1319 1734 1408 Donati,
1763 1318 1848 1392 dicit
1873 1319 1997 1392 modos

362 1438 469 1533 hujus
504 1437 710 1511 comoediae
745 1438 860 1511 factos
897 1460 978 1512 esse
1010 1436 1111 1513 tibiis
1128 1437 1289 1536 paribus
1318 1438 1459 1512 dextris
1487 1446 1524 1512 et
1547 1437 1717 1513 sinistris.
1772 1437 1852 1511 Hoc
1879 1438 1996 1512 obser·

364 1567 457 1647 vato,
495 1565 529 1631 et
564 1557 659 1653 qvod
696 1557 867 1653 scriptum
903 1564 958 1631 est
989 1557 1026 1630 in
1059 1558 1161 1630 titulo
1188 1557 1358 1656 Hecyrae
1386 1557 1511 1650 „tibiis
1532 1556 1726 1657 praribns“,
1752 1581 1867 1654 neqve
1894 1559 1999 1631 aliter

362 1680 414 1752 ibi
440 1678 535 1773 apud
562 1678 754 1766 Donatum,
783 1677 998 1750 Dniatnkius
1025 1681 1075 1772 (p.
1105 1682 1177 1753 595
1207 1680 1276 1773 sq.)
1304 1679 1486 1751 contendit
1511 1679 1606 1752 hunc
1632 1680 1898 1773 grammaticum
1923 1701 1998 1774 per-

364 1821 486 1894 peram
513 1798 695 1871 addidisse
723 1797 767 1871 de
793 1797 892 1870 tibiis
918 1797 1077 1870 Andriae
1103 1798 1192 1871 illud
1221 1795 1388 1889 „destris
1415 1803 1452 1870 et
1475 1797 1674 1871 sinister:
1702 1821 1781 1870 nam
1797 1777 1916 1872 ¹tiln'as
1929 1819 1998 1896 pn·

366 1941 427 1992 res
452 1918 635 2013 proprium
661 1940 777 2012 genus
803 1917 933 2004 videri;
963 1917 1007 1989 de
1035 1939 1104 2012 qvo
1131 1918 1297 2012 qviddam
1323 1918 1402 2012 ipse
1427 1918 1655 2012 excogitavit,
1677 1919 1781 2013 qvod,
1803 1940 1882 1990 cum
1901 1917 2000 1991 nullo

365 2045 576 2133 argumento
611 2038 755 2126 nitatur,
792 2061 837 2110 ne
868 2038 985 2110 locum
1012 2037 1153 2132 qvidem
1181 2038 1242 2110 dat
1268 2038 1471 2110 refutationi
1485 2037 1531 2129 ⁴¹⁵).
1586 2035 1635 2108 At
1662 2037 1767 2109 etiam
1795 2037 1888 2131 apud
1916 2037 2000 2110 Dio-

366 2157 504 2230 medem
539 2158 628 2231 haec
663 2166 761 2231 sunt:
803 2155 917 2254 Casas
951 2156 1009 2231 rei
1041 2155 1180 2231 indicia
1198 2155 1364 2255 prodant
1387 2155 1493 2232 nobis
1519 2155 1686 2253 antiqcae
1713 2154 1935 2246 comoediae,
1963 2155 1999 2229 in

365 2275 492 2374 aridas
532 2276 750 2351 invenimus:
792 2281 900 2369 „neta
935 2275 1035 2352 tibiis
1060 2274 1246 2376 paribns“
1289 2281 1354 2350 ant
1386 2275 1636 2376 „imparibns“
1672 2281 1738 2350 ant
1773 2272 1999 2370 „Sarranis“

368 2402 417 2493 (p.
446 2396 664 2491 tenuat.)
690 2443 741 2454 —
768 2404 803 2470 et
829 2396 936 2491 paulo
962 2403 1059 2491 post:
1090 2393 1266 2495 „paribus
1293 2394 1417 2472 tibiis“
1444 2395 1503 2470 cel
1527 2394 1775 2496 „irnparidns“
1804 2395 2001 2470 invenimus

365 2515 557 2616 saiprtnm:
583 2516 645 2590 ubi
671 2523 820 2611 apparet
846 2515 1067 2604 Diomedem,
1092 2516 1251 2611 judicem
1278 2517 1484 2612 ceteroquin
1506 2517 1631 2590 harum
1650 2538 1767 2590 rerum
1785 2515 1999 2611 imperitum,

367 2635 584 2710 didascalion
611 2637 782 2711 librorum
810 2643 968 2710 veterum
994 2636 1208 2732 inspexisse.
1263 2636 1365 2727 Qvae
1392 2660 1471 2711 cum
1498 2637 1549 2710 ita
1575 2637 1658 2725 sint,
1687 2644 1834 2710 eatenus
1861 2636 2001 2709 Dniatz·

367 2757 429 2829 kio
465 2757 653 2845 assentior,
690 2764 728 2830 ut
764 2756 905 2830 credam
940 2756 1117 2851 adJectum
1151 2780 1174 2829 a
1207 2757 1351 2830 Donato
1386 2779 1467 2830 esse
1501 2754 1668 2849 „dextris
1694 2761 1731 2830 et
1753 2753 1939 2830 sinistris“
1967 2763 2002 2829 et

367 2899 476 2971 saepe
511 2877 549 2949 in
575 2877 690 2950 titulis
716 2885 896 2973 repertum
923 2874 1049 2970 „tibiis
1069 2875 1250 2976 paribns“
1277 2899 1344 2949 uec
1371 2875 1456 2972 qvid
1482 2876 1636 2970 amplius
1664 2875 1708 2948 de
1735 2875 1926 2949 earundem
1951 2875 2001 2947 fa·

366 2997 529 3070 bularum
565 2996 675 3086 tibiis,
711 3004 750 3069 ut
786 2995 877 3069 nihil
911 2995 1009 3069 aliud
1044 2997 1219 3092 reperitur
1249 2996 1287 3068 iu
1313 2994 1417 3069 titulo
1444 2994 1624 3092 Hecyrae,
1651 2994 1747 3068 unde
1773 2996 1884 3068 verba
1910 2994 2001 3067 exci-

367 3115 465 3190 disse
490 3138 562 3189 non
588 3123 683 3190 recte
710 3116 820 3210 vulgo
847 3115 1078 3204 arbitrantur3
1107 3115 1171 3190 sed
1199 3116 1305 3189 simul
1333 3117 1421 3189 haee
1447 3115 1589 3210 opinor:
1615 3115 1815 3210 exemplum
1833 3115 1901 3188 hoc
1919 3137 2001 3188 esse

366 3236 523 3331 insignis
549 3235 649 3309 illius
674 3238 711 3310 in
738 3236 945 3309 didascaliis
971 3235 1290 3331 breviloquentiae,
1320 3258 1409 3331 qvae
1436 3258 1481 3309 ne
1508 3235 1546 3307 in
1567 3234 1636 3308 hac
1656 3234 1798 3330 qvidem
1819 3257 1857 3308 re
1877 3235 2001 3309 obscu-

367 3357 507 3430 ritatem
533 3356 702 3448 attulerit,
730 3379 811 3430 cum
836 3357 874 3429 iu
900 3356 947 3428 iis
972 3356 1082 3429 moris
1108 3356 1224 3429 fuisse
1243 3356 1417 3446 videatur,
1438 3364 1477 3429 ut
1495 3355 1711 3429 scriberetur
1729 3352 1897 3448 „dandus
1916 3359 2000 3450 (non

362 3474 539 3575 paribus)
567 3474 709 3551 dennis
735 3483 754 3566 (
756 3476 917 3550 sinistris
918 3480 979 3568 )“;
1016 3475 1135 3571 itaque
1162 3476 1273 3549 scribi
1297 3476 1439 3549 solitum
1468 3498 1549 3549 esse
1575 3476 1613 3547 in
1641 3475 1849 3548 didascaliis
1877 3471 2002 3567 „tibiis

360 3593 542 3694 paribas“
568 3604 603 3670 et
630 3595 772 3692 qvidem
798 3596 1020 3691 perbreviter
1046 3618 1110 3692 pro
1136 3596 1221 3669 hoc:
1250 3594 1377 3688 „tibiis
1398 3594 1554 3695 paribus
1581 3592 1723 3669 dextris
1750 3599 1787 3668 et
1808 3591 2001 3693 (paribus)

367 3714 568 3804 sinistris“,·
601 3715 780 3791 Donatum
808 3717 918 3812 igitur
944 3739 1066 3789 veram
1093 3723 1128 3788 et
1155 3724 1298 3789 nostrae
1325 3716 1434 3789 aetati
1461 3714 1701 3789 necessariam
1728 3714 2001 3809 explicationem

365 3834 563 3925 addidisse3
600 3835 694 3910 hanc
721 3859 801 3911 eum
827 3835 994 3932 posuisse
1022 3836 1066 3909 de
1092 3836 1192 3909 tibiis
1218 3834 1388 3925 Andriae,
1417 3835 1500 3931 qvia
1526 3835 1563 3908 in
1590 3835 1715 3908 ordine
1742 3833 2002 3908 comoediarum

365 3955 528 4030 Terentii
563 3978 607 4029 ea
640 3956 762 4031 fabula
795 3957 947 4053 primum
982 3955 1100 4030 locum
1134 3963 1242 4046 tenet,
1276 3955 1463 4029 reticuisse
1490 3963 1618 4045 autem,
1652 3961 1691 4029 ut
1712 3955 1789 4050 jam
1815 3961 1898 4028 ante
1923 3975 2001 4048 pro·

467 4161 499 4237 *)
529 4161 629 4222 Verba
656 4163 721 4240 ejus
749 4163 800 4223 illa
827 4169 909 4223 sunt:
946 4164 1079 4225 Wetcbes
1108 4164 1165 4224 dns
1199 4163 1379 4223 Verbddniss
1406 4163 1504 4222 dieser
1525 4163 1588 4222 oter
1609 4162 1839 4221 verschiedenen
1861 4160 2001 4220 Medulo-

365 4267 547 4326 tionaretsen
574 4282 708 4341 aenesen
734 4269 786 4335 sci,
815 4284 901 4342 noae
928 4268 976 4328 iat
1004 4266 1087 4328 nicht
1114 4269 1166 4327 mit
1194 4266 1304 4341 iraend
1330 4265 1456 4325 nelcber
1480 4265 1691 4324 Bestimnttett
1718 4263 1899 4338 amnestian,
1923 4264 2001 4325 doct

364 4370 450 4429 tiesse
470 4369 535 4428 sict
556 4369 693 4430 dassetbe
710 4371 989 4445 solaenderrnassen
1011 4371 1141 4430 dentren:
1164 4371 1213 4429 die
1235 4376 1254 4430 t.
1271 4384 1368 4444 pares
1388 4368 1477 4427 sonte
1498 4368 1547 4426 die
1569 4375 1587 4426 t.
1612 4369 1741 4442 impares
1763 4366 1925 4426 bertanden
1946 4382 2001 4425 ans

356 4471 394 4544 je
423 4474 505 4531 einer
535 4473 646 4534 dentre
675 4475 739 4533 and
766 4475 897 4538 sinistra,
927 4489 985 4533 von
1013 4474 1140 4533 meloten
1160 4473 1236 4545 jene
1264 4474 1313 4532 dte
1340 4471 1520 4545 Hazatfldte.
1549 4472 1629 4530 diere
1655 4473 1704 4529 die
1726 4468 1909 4544 bealettende
1931 4468 1999 4543 [etr.

365 4590 456 4649 supra
477 4590 508 4649 p.
532 4578 549 4634 7
574 4581 674 4635 annot.
699 4576 732 4651 2]
756 4592 829 4635 aar.
874 4576 941 4648 Ans
957 4577 1012 4635 der
1041 4575 1297 4635 Versebiedenbeit
1319 4577 1374 4634 der
1396 4576 1452 4633 Art
1473 4574 1537 4632 and
1561 4573 1663 4643 Weiss,
1679 4575 1733 4631 nte
1747 4574 1803 4632 dos
1819 4571 2001 4646 beateitende

365 4675 543 4737 Instrument
567 4679 617 4737 dte
638 4679 768 4739 Metodie
791 4680 846 4738 der
867 4678 1038 4753 Hauptstdte
1059 4685 1262 4744 antersttttzte,
1287 4677 1409 4738 banbte
1431 4679 1561 4737 atsdann
1577 4679 1631 4737 der
1651 4676 1843 4735 ltnterscbted
1855 4675 2000 4735 zniseten

366 4778 424 4837 den
454 4786 474 4837 t.
496 4796 594 4855 pares
615 4783 680 4840 und
699 4784 837 4855 impares.
882 4780 998 4840 Faner
1019 4783 1056 4840 ist
1076 4781 1155 4848 letor,
1179 4783 1251 4841 dass
1272 4783 1320 4842 die
1340 4782 1511 4855 Hanptsto'te
1532 4785 1571 4852 (t.
1597 4781 1726 4851 dextra)
1749 4780 1825 4838 anet
1849 4779 1925 4837 abne
1946 4791 1999 4836 ne·

365 4884 633 4955 compaanirendes
654 4883 833 4943 instrument
854 4884 902 4944 die
923 4885 1150 4944 musitatnebcn
1175 4885 1313 4944 Partteen
1336 4887 1416 4944 eines
1436 4882 1594 4958 Lnstspiets
1616 4880 1759 4955 beqleiten
1776 4881 1901 4949 l·onnte;
1915 4880 1998 4938 donn

364 4983 467 5042 narde
486 4987 530 5044 ste
550 4984 625 5046 aber
647 5003 704 5044 zar
733 4987 934 5064 l'erstr'trlnnp
956 4989 1136 5063 nerdoppelt,
1166 4988 1230 5045 und
1251 4988 1299 5045 die
1323 4987 1509 5046 Modnlation
1529 4984 1661 5060 aesalon
1685 4982 1762 5043 tibtr's
1785 4981 1901 5042 dnobus
1923 4983 1998 5040 dex·

366 5087 428 5144 tris.
473 5085 609 5147 Ceterum
639 5088 817 5164 persuadere
846 5089 903 5150 sibi
933 5108 991 5150 non
1020 5090 1119 5166 potuit
1149 5091 1226 5149 dnos
1253 5089 1390 5148 sinistras
1415 5088 1444 5146 in
1473 5105 1528 5148 usu
1552 5087 1644 5146 luisse
1665 5092 1704 5158 et,
1728 5085 1830 5162 qrsles
1852 5084 1999 5145 Sarranae

364 5187 483 5256 ineant,
507 5189 536 5248 iu
560 5189 655 5251 medio
678 5191 825 5267 reliuqvit.
