4740 6270
406 496 447 560 14
942 491 1164 559 Enusnnus
1190 510 1213 557 s
1239 493 1412 560 Barnun.

364 695 708 786 numennumen,
735 688 780 767 de
807 712 878 787 qvo
905 688 1149 782 Qvintilianus
1174 690 1204 766 Ι.
1228 696 1294 781 11.
1323 698 1357 767 7:
1385 690 1441 768 sic
1461 690 1666 791 appellatur
1683 710 1795 767 sonno
1813 690 1997 787 libiorum,

365 834 456 913 poor
484 808 705 911 praeclusis,
742 806 869 909 quibos
895 808 1112 903 clarescunt,
1134 808 1381 907 foraminibus
1406 815 1507 888 recto
1533 808 1639 888 modo
1666 809 1767 887 coilo
1790 812 1997 908 proniorem

363 930 530 1033 spiritum
563 926 733 1020 reddunt,
769 935 832 1004 aut
866 926 1011 1003 credere
1042 951 1193 1005 necesse
1219 938 1275 1006 est
1300 931 1436 1029 aliqvot
1460 931 1637 1006 foramina
1662 937 1786 1029 aperta
1812 954 1925 1029 eoque
1953 976 1995 986 -

364 1059 404 1127 ut
429 1051 475 1126 ob
501 1049 540 1124 id
566 1049 683 1146 ipsum
710 1047 750 1121 fit
776 1049 814 1122 in
840 1048 1058 1145 imaginibus
1083 1049 1260 1144 tibiarum,
1289 1073 1437 1148 quarum
1462 1051 1675 1126 foraminum
1700 1052 1772 1128 loci
1789 1052 1997 1150 plerumque

366 1196 438 1247 non
464 1176 649 1268 apparent,
677 1168 749 1242 nisi
773 1168 839 1242 illa
863 1167 987 1243 clausa
1013 1178 1096 1244 sunt
1124 1213 1168 1226 —
1198 1193 1269 1245 non
1296 1171 1531 1268 aspectabilia
1557 1194 1638 1247 esse
1651 1173 1704 1268 ');
1731 1173 1800 1248 hoc
1825 1179 1945 1248 autem
1967 1171 1998 1245 si

365 1292 488 1367 verius
523 1298 590 1381 est,
625 1288 716 1364 nihil
752 1288 882 1386 conjici
915 1296 1035 1386 potest
1061 1313 1081 1365 e
1106 1290 1197 1365 locis
1222 1290 1435 1366 foraminum
1461 1290 1727 1389 apparentibus.
1781 1290 1854 1368 Sed
1880 1315 1998 1388 qvam·

367 1436 473 1510 qvam
498 1411 566 1487 hoe
593 1410 794 1506 exemplum
819 1433 842 1483 a
867 1408 1107 1486 Wilmannsio
1132 1411 1280 1486 allatum
1306 1410 1368 1487 vix
1394 1411 1584 1509 qvidqvam
1604 1412 1710 1503 valet,
1731 1436 1847 1511 neqve
1865 1412 1997 1509 opinio,

367 1556 473 1631 qvam
508 1531 664 1628 amplexi
697 1552 821 1605 sumus
855 1530 900 1605 de
934 1530 1035 1606 tibiis
1066 1530 1193 1606 dextra
1218 1538 1254 1606 ct
1279 1531 1437 1623 sinistra,
1464 1532 1702 1609 monumentis
1727 1533 1913 1623 refellitur,
1940 1530 2000 1606 ho-

367 1676 445 1729 rum
479 1651 698 1748 imaginibus
733 1656 852 1725 tamen
886 1672 957 1724 non
989 1650 1121 1747 ubique
1150 1650 1349 1748 adjuvatur.
1405 1650 1479 1727 Ubi
1505 1652 1600 1727 enim
1625 1653 1735 1727 tibiae
1761 1653 1925 1749 geminae
1950 1652 2000 1726 in·

369 1772 530 1872 aequalis
556 1778 640 1845 sunt
662 1769 900 1867 longitudinis
912 1769 981 1867 “),
1002 1770 1107 1846 modo
1129 1770 1378 1868 sinistram),
1398 1771 1502 1846 modo
1520 1795 1657 1864 1111000,
1676 1771 1741 1846 sed
1759 1780 1887 1861 tamen,
1907 1770 2001 1868 qvod

370 1895 492 1986 sciam,
521 1890 632 1967 multo
658 1890 786 1981 rarius,
815 1889 939 1965 dextm
951 1889 1052 1989 W)
1077 1891 1221 1986 longior
1247 1898 1303 1967 est
1329 1915 1434 1989 qvam
1460 1891 1585 1967 altera.
1629 1891 1857 1967 Foraminum
1883 1899 2001 1967 autem

369 2014 593 2109 obliquorum
625 2010 733 2107 signa
764 2032 845 2084 raro
871 2017 1035 2086 accurate
1061 2011 1245 2087 observari
1270 2018 1431 2108 possunt.
1485 2011 1588 2086 Talis
1615 2011 1726 2109 igitur
1751 2013 1907 2086 varietas
1934 2018 2000 2098 est,

370 2157 463 2232 qvae
489 2132 658 2207 universa
684 2131 743 2206 vel
769 2153 792 2204 a
817 2130 1003 2228 regionum
1030 2140 1066 2206 et
1091 2138 1288 2228 temporum
1315 2138 1351 2206 et
1377 2131 1566 2207 multorum
1584 2131 1742 2228 ipsarum
1759 2131 1926 2207 tibiarum
1943 2153 2003 2227 gc-

371 2276 494 2331 nerum
527 2251 736 2326 diversitate
768 2251 827 2325 vel
853 2273 876 2324 a
901 2251 1054 2348 quadam
1080 2251 1117 2325 in
1143 2250 1243 2327 111000
1268 2251 1487 2349 imaginibus
1514 2251 1755 2327 deformandis
1781 2252 1921 2327 incuria
1946 2273 2003 2325 ve·

370 2384 484 2450 terum
497 2372 533 2472 t)
567 2370 762 2467 repetenda
795 2370 947 2462 videtur,
981 2378 1030 2463 ut,
1058 2370 1350 2468 quemadmodum
1377 2372 1608 2481 difficultates
1634 2396 1757 2449 omnes
1782 2372 1820 2447 in
1847 2371 2003 2468 siugubs

477 2615 510 2692 I)
541 2616 605 2675 Hac
634 2614 663 2673 in
694 2632 726 2674 re
755 2612 931 2674 observetur
959 2619 1057 2674 astare
1078 2613 1117 2674 ad
1139 2632 1190 2675 eas
1212 2615 1311 2683 tibias,
1334 2633 1457 2692 quarum
1480 2621 1628 2677 extremae
1648 2584 1749 2692 partes
1771 2615 2002 2691 conspiciuntur,

373 2719 519 2781 hominem
547 2717 601 2777 bas
630 2717 735 2793 longas
765 2715 862 2786 tibias,
891 2733 968 2791 qvae
996 2717 1055 2777 alte
1083 2735 1101 2777 a
1127 2717 1249 2779 tibicina
1270 2718 1405 2779 sublatae
1427 2723 1506 2785 sunt.
1529 2718 1630 2796 digitis
1651 2719 1714 2779 suis
1736 2723 1951 2779 sustentantem
1975 2721 2005 2776 et

373 2825 502 2886 fortasse
531 2820 659 2899 paxillos
688 2819 881 2881 foraminibus
907 2819 1036 2880 insertos
1062 2819 1275 2881 extrahentem.
1319 2822 1395 2882 Nam
1417 2822 1447 2881 in
1470 2822 1550 2882 tibiis
1570 2821 1700 2897 antquis
1722 2821 1862 2898 opercula
1883 2818 2005 2880 forami-

374 2945 443 2988 num
473 2943 533 2986 nou
562 2930 632 2984 sunt
660 2922 768 2982 similia
794 2923 840 2992 iis,
871 2940 948 2998 qvae
970 2927 1138 2984 nostrorum
1160 2929 1324 3000 temporum
1348 2924 1437 2985 tibiae
1459 2923 1579 2992 babent,
1602 2923 1654 2983 aed
1678 2924 1767 3004 louge
1790 2923 1937 2984 exstantia
1959 2924 2006 2981 vi-

374 3030 483 3090 dentur
504 3027 536 3087 in
557 3025 689 3088 foramen
712 3024 842 3084 immissa
863 3042 899 3084 ac
920 3041 1024 3085 rursus
1045 3025 1134 3102 plene
1156 3025 1193 3086 de
1216 3026 1289 3087 tibia
1311 3026 1446 3089 detracta
1466 3044 1541 3088 ease.

477 3146 529 3224 ⁶⁶)
552 3145 670 3206 Parium
693 3145 831 3206 tibiarum
854 3160 920 3205 eum
942 3143 1069 3221 plurima
1090 3145 1225 3223 exempla
1246 3145 1447 3219 inveniuntur,
1469 3153 1531 3209 tum
1553 3147 1701 3209 notabiles
1723 3152 1793 3208 sunt
1807 3146 1959 3223 imagines,
1975 3145 2005 3204 in

376 3251 483 3330 quibus
511 3249 601 3312 etiam
628 3247 776 3325 utrimque
802 3246 948 3309 foramina
968 3247 1046 3309 inter
1067 3265 1100 3309 se
1121 3249 1285 3325 aequaliter
1305 3249 1495 3328 respondent,
1519 3249 1599 3328 apud
1622 3249 1814 3319 Viscoutium,
1837 3250 1913 3310 Mus.
1935 3249 2006 3309 Pio-

376 3355 519 3418 Clement.
549 3358 618 3413 tom.
647 3349 689 3409 IV
717 3349 778 3410 tab.
807 3349 871 3419 XV,
901 3354 932 3410 et
960 3350 1041 3427 apud
1069 3350 1328 3414 Montefaloooium
1355 3352 1385 3412 in
1405 3349 1595 3428 L’Antiqniti
1615 3348 1779 3430 septinnio,
1802 3358 1873 3414 tom.
1896 3352 1924 3411 11
1945 3351 2006 3411 tab.

376 3456 509 3519 LXXXI.
552 3455 587 3515 Iu
609 3454 667 3514 illis
689 3452 779 3522 tibiis,
802 3471 879 3529 qvae
901 3471 961 3513 nou
983 3452 1132 3526 indantur,
1153 3453 1298 3515 foramina
1319 3456 1466 3532 operculis
1488 3460 1667 3527 1001000111,
1690 3456 1720 3516 in
1743 3454 1799 3523 his.
1818 3456 2008 3533 quibuscum

377 3560 503 3621 maxime
532 3557 649 3618 canitur
677 3554 716 3615 ad
742 3573 833 3623 aram,
862 3555 893 3615 in
920 3573 1007 3631 qvam
1036 3561 1107 3616 ante
1127 3557 1355 3619 immolationem
1377 3577 1487 3620 merum
1510 3557 1646 3620 defundit
1667 3559 1828 3635 imperator
1849 3558 2007 3635 Trajanus.

378 3669 408 3724 et
430 3679 507 3739 qvae
528 3666 610 3721 totae
632 3663 702 3719 sunt
724 3664 849 3735 oportue
871 3659 914 3733 (1.
938 3657 1111 3733 Quintilian.
1133 3658 1185 3720 XI.
1209 3663 1238 3722 3.
1263 3662 1328 3737 50),
1357 3660 1425 3723 ideo
1447 3665 1561 3723 tantum
1583 3661 1648 3738 ipsa
1670 3660 1815 3723 foramina
1837 3669 2007 3727 cernuntur,

378 3765 431 3828 ssd
453 3781 598 3841 nusquam
623 3762 776 3839 opercula;
800 3761 879 3837 qvod
902 3762 1070 3823 monuimus
1091 3768 1214 3839 propter
1236 3765 1455 3826 annotationem
1476 3770 1607 3825 nostram
1630 3764 1821 3840 superiorem.

479 3882 550 3961 m)
585 3881 660 3942 Vide
681 3900 728 3942 ex.
751 3900 776 3941 c.
800 3880 945 3942 viscontii
966 3882 1043 3942 blus.
1065 3881 1279 3944 Pio-clement.
1302 3888 1372 3945 tom.
1395 3884 1437 3944 1v
1458 3884 1519 3946 tab.
1541 3883 1633 3953 XXV;
1662 3882 1806 3944 (lethardi
1827 3888 2010 3946 commenta·

380 3991 449 4058 11οο,
472 3985 511 4048 ad
533 4002 609 4062 qvos
631 4001 723 4061 supra
744 3984 914 4061 ablegatum
937 3989 992 4052 est,
1012 3985 1081 4044 anni
1107 3986 1197 4057 1845,
1219 3986 1349 4048 tabulam
1371 3986 1503 4059 XXXVI,
1527 3987 1615 4064 imag.
1640 3990 1668 4054 ὃς
1694 3986 1848 4048 1110001011
1870 3986 1936 4047 libri
1959 3987 2009 4047 cit.

380 4091 442 4153 tab.
471 4088 542 4150 XIII
571 4089 660 4164 imag.
688 4091 705 4148 6
735 4087 781 4163 (iu
810 4104 934 4164 corpore
963 4087 1130 4149 tabularum
1157 4088 1278 4152 Hercul.
1301 4091 1485 4168 etPompej.
1507 4090 1711 4168 supracitato
1733 4088 1822 4167 imag.
1848 4093 1966 4151 laser.
1991 4091 2010 4148 2

380 4195 514 4272 pictur.);
537 4191 656 4252 Weissii
678 4190 729 4251 lib.
752 4210 789 4260 c.,
811 4190 849 4250 11.
871 4208 902 4267 p.
927 4193 1018 4260 1317,
1040 4189 1090 4268 fig.
1114 4194 1174 4253 529
1198 4189 1225 4253 b.

484 4311 573 4389 1111)
604 4311 669 4371 Vid.
692 4329 739 4371 ex.
762 4330 787 4372 c.
810 4311 888 4371 inter
909 4310 992 4372 tabb.
1015 4310 1135 4373 Hercul.
1157 4316 1189 4372 et
1209 4312 1352 4391 Pompej.,
1380 4311 1418 4374 ad
1441 4331 1515 4390 qvas
1537 4313 1742 4391 relegavimus,
1765 4313 1826 4374 tab.
1852 4317 1888 4375 31
1912 4330 1968 4372 ser.
1993 4315 2011 4372 6

382 4417 563 4495 picturarum
593 4419 624 4476 01
650 4414 816 4492 imaginem,
846 4431 934 4490 qvam
963 4415 1103 4491 proponit
1125 4413 1220 4475 Richii
1246 4414 1360 4478 lexicon
1380 4433 1405 4476 s.
1429 4434 1459 4476 v.
1484 4415 1587 4478 libiae
1606 4417 1744 4494 torpores,
1767 4434 1844 4492 qvae
1866 4434 1882 4476 0
1904 4432 2013 4493 genere

381 4518 515 4599 Phrygio
538 4523 583 4579 est
605 4522 635 4579 et
657 4517 839 4594 conspicitur
860 4517 949 4578 etiam
970 4516 1050 4593 apud
1069 4517 1272 4579 Bartholiuum
1294 4536 1325 4595 p.
1349 4521 1399 4580 60.
1444 4519 1575 4596 Euterpe
1589 4520 1722 4596 geminas
1737 4518 1835 4586 tibias,
1850 4518 2012 4594 longiorem

383 4622 489 4685 dextra
511 4639 610 4690 mauu,
633 4620 785 4697 aliquanto
806 4620 972 4681 breviorem
994 4618 1115 4680 sinistra
1137 4624 1227 4690 tenet,
1250 4620 1304 4684 sod
1327 4627 1461 4683 neutram
1482 4621 1576 4690 inflat,
1598 4622 1629 4683 in
1643 4623 1718 4683 Mus.
1734 4620 1897 4682 Pio-Glem.
1914 4619 2013 4681 toml

384 4724 446 4786 tub.
469 4724 507 4785 B.
539 4727 567 4794 2,
598 4722 678 4801 qvod
708 4724 864 4784 annotavit
891 4722 1103 4783 Wilmanusius
1133 4727 1177 4800 (p.
1199 4726 1266 4800 40);
1296 4724 1326 4784 in
1353 4742 1413 4802 qva
1439 4724 1533 4803 figura
1556 4731 1627 4786 aunt
1648 4724 1748 4794 tibiae,
1772 4742 1847 4801 qvae
1869 4742 1889 4783 0
1909 4722 2015 4784 dextra

383 4832 470 4904 parte
492 4831 548 4897 est,
571 4825 716 4887 foramina
738 4826 885 4903 operculis
907 4826 996 4903 longe
1017 4825 1213 4887 eminentibus
1234 4827 1352 4904 signata
1373 4827 1443 4895 duo,
1465 4827 1552 4889 alteri
1573 4845 1636 4888 sex.

488 4945 522 5022 †)
544 4945 623 5007 Dicit
645 4943 817 5022 Fortlagius
837 4944 869 5004 in
891 4943 1121 5023 encyclopaodia
1141 4944 1295 5022 Paulyana
1316 4963 1341 5006 s.
1363 4964 1393 5006 1.
1415 4947 1595 5025 Rbytbmico
1617 4946 1682 5023 (VI.
1707 4949 1734 5007 1.
1757 4963 1786 5023 p.
1812 4947 1899 5022 605):
1925 4944 2016 5006 linter

386 5051 444 5111 den
467 5049 529 5124 ons
543 5065 600 5109 nns
619 5048 830 5123 colomnenen
851 5046 1058 5125 Abbildnngen
1080 5065 1138 5110 von
1160 5048 1281 5110 antiton
1302 5048 1520 5112 imminenter
1540 5051 1699 5112 ondienen
1720 5065 1779 5110 nnr
1793 5049 1842 5110 die
1856 5050 1915 5110 den
1928 5065 2015 5125 sorg-

381 5151 537 5228 sltltiosten
559 5151 690 5230 Stenpel
709 5153 764 5214 der
792 5151 998 5214 Wirlrlr'cnlreit
1018 5168 1060 5213 on
1080 5153 1144 5213 siclt
1167 5152 1333 5228 rroomoor
1355 5154 1548 5231 dpnptrbclten
1569 5155 1635 5215 enoc
1654 5168 1808 5230 nmonoe
1828 5152 2013 5233 Bcoclrtnng,
