4740 6270
958 534 1162 613 Qomaom
1185 534 1402 602 ramanae
1911 541 1950 604 73

365 741 425 817 vel
459 739 505 818 ob
539 741 648 816 aliam
681 758 828 815 musam
861 734 1002 811 cantica
1035 757 1118 811 esso
1151 742 1272 831 negat
1326 731 1399 809 Sed
1425 733 1642 829 comparatio
1667 735 1776 833 hujus
1802 739 1933 813 cantici
1960 748 1996 814 et

363 862 474 952 illins,
511 861 556 935 de
590 882 660 957 quo
694 864 848 933 testatur
876 855 1053 946 Donatus,
1080 854 1350 930 similitudinem
1377 853 1554 952 quandam
1579 855 1801 932 intercedere
1826 860 1994 950 ostendit,

365 1006 436 1080 qua
468 982 537 1056 hoc
571 1001 711 1076 quoque
744 976 983 1053 certissimum
1016 975 1194 1050 cauticum
1229 997 1311 1053 esse
1344 982 1528 1072 appareat.
1579 974 1676 1050 Illud
1710 977 1903 1055 Bacchidis
1934 982 1996 1054 vix

365 1101 564 1200 quisquam,
600 1099 718 1188 credo,
754 1098 941 1186 canticum,
977 1096 1010 1171 si
1035 1095 1127 1169 nihil
1152 1095 1350 1170 monuisset
1375 1095 1550 1187 Donatus,
1578 1096 1657 1170 sine
1684 1097 1836 1192 quadam
1862 1102 1997 1176 dubita

364 1222 462 1298 tione
497 1242 591 1295 nnuc
625 1219 794 1294 dixisset:
829 1239 913 1291 uam
946 1223 1088 1313 praeter
1118 1215 1243 1312 gandii
1273 1216 1318 1290 ob
1344 1214 1520 1290 beneficia
1546 1238 1613 1292 sua
1638 1216 1811 1294 Bacchidi
1837 1223 1998 1318 percepti

365 1341 523 1416 carmine
558 1362 645 1414 sane
680 1338 827 1435 diguam
861 1336 1149 1411 testificationem
1181 1343 1347 1410 versatur
1371 1336 1563 1433 praecipue
1588 1338 1626 1410 in
1651 1360 1769 1412 rerum
1796 1344 1998 1416 narratione

365 1460 412 1536 ad
446 1462 576 1535 nodum
610 1459 754 1535 fabulae
786 1454 996 1534 soluendum
1023 1457 1286 1551 pertinentium,
1314 1478 1404 1551 quas
1428 1456 1480 1529 ita
1506 1465 1728 1551 spectatores
1753 1461 1914 1535 canendo
1940 1461 1999 1537 do·

366 1581 440 1657 ceri
465 1589 593 1679 poetae
619 1580 765 1676 placuit.
818 1579 937 1674 Atque
963 1599 1042 1651 eum
1069 1576 1215 1672 saepius
1240 1576 1278 1650 in
1303 1575 1373 1649 hac
1398 1576 1583 1650 comoedia
1601 1579 1778 1654 canticum
1797 1581 1843 1653 ad
1862 1604 1905 1655 ea
1922 1603 2000 1654 nar·

366 1702 489 1791 rande,
517 1722 609 1796 quae
634 1721 706 1775 non
731 1699 770 1772 iu
796 1720 907 1772 scena
931 1703 1098 1792 aguntur,
1126 1696 1191 1770 sed
1217 1697 1405 1792 permagni
1430 1696 1477 1770 ad
1495 1719 1613 1771 rerum
1631 1700 1775 1774 fabulae
1792 1722 2000 1797 processum

367 1821 536 1896 momeuti
567 1827 661 1909 sunt,
695 1818 903 1893 adhibuisse
929 1816 1021 1890 alter
1046 1816 1150 1890 locus
1175 1815 1412 1891 demonstrat:
1439 1817 1501 1892 ubi
1527 1817 1739 1915 Pamphilus
1765 1843 1999 1918 nequaquam,

366 1949 406 2017 ut
440 1942 491 2016 ait
524 1939 703 2029 Wolffius,
737 1938 801 2018 „in
827 1935 1121 2011 deliberationem
1146 1936 1256 2029 uenit,
1284 1937 1436 2012 retineat
1461 1961 1506 2012 au
1534 1939 1699 2035 repudiet
1724 1949 1907 2032 uxorem“‚
1936 1942 2001 2017 sed
2038 2037 2040 2040 .

368 2060 412 2137 de
439 2059 660 2156 repudianda
680 2060 757 2154 jam
783 2080 905 2133 secum
930 2064 1014 2130 ante
1041 2057 1235 2131 constituto
1260 2057 1470 2153 perlongum
1489 2065 1525 2132 et
1541 2058 1815 2151 lamentabilem,
1835 2061 1900 2137 sed
1918 2087 2002 2159 pau·

367 2181 569 2256 tomimicae
601 2179 735 2255 actioni
763 2185 884 2275 aptam
911 2199 1033 2252 eorum
1058 2177 1195 2272 profert
1221 2177 1491 2268 enarrationem,
1520 2201 1610 2274 quae
1637 2180 1674 2253 iu
1701 2181 1805 2255 domo
1831 2182 2003 2279 Phidippi

368 2301 507 2376 viderat
532 2308 568 2375 et
593 2300 790 2374 audiuerat.
842 2297 945 2372 Haec
971 2297 1042 2371 duo
1069 2296 1209 2371 cantica
1233 2296 1377 2371 fabulae
1403 2296 1573 2374 Wolffius
1600 2300 1792 2395 adJ'udicat.
1845 2302 1894 2376 Et
1920 2325 2002 2399 qvo·

367 2421 464 2495 niam
498 2420 602 2495 ambo
636 2419 748 2514 longa
780 2424 865 2492 suut
893 2424 930 2491 et
956 2416 1047 2490 satis
1072 2415 1227 2513 amplam
1253 2417 1492 2513 praebuerunt
1518 2420 1741 2495 occasionem
1767 2422 1856 2496 artis
1882 2432 2004 2518 panto

368 2541 533 2615 mimicae
567 2540 666 2613 illius
700 2538 739 2611 iu
771 2535 923 2611 canticis
953 2535 1116 2632 ageudis,
1144 2558 1250 2631 qvam
1275 2537 1367 2610 tanti
1392 2535 1555 2611 homines
1580 2537 1771 2631 faciehant,
1799 2564 2003 2637 expromen-

369 2662 447 2749 dae,
484 2660 547 2734 ille
572 2680 752 2748 numerus,
780 2656 842 2753 qui
868 2656 976 2730 etiam
1003 2662 1059 2730 est
1084 2656 1303 2731 canticorum
1328 2655 1733 2749 Heautontimorumeni,
1761 2660 1928 2736 sufficere
1953 2661 2003 2735 vi·

369 2781 447 2854 deri
480 2779 608 2875 possit.
663 2776 735 2853 Sed
769 2776 912 2851 tertium
947 2782 1072 2849 nostra
1105 2775 1284 2850 sententia
1314 2776 1361 2849 iis
1392 2775 1542 2851 accedit.
1595 2776 1676 2852 Hoc
1701 2779 1908 2876 bipartitum
1935 2790 2003 2872 est,

369 2901 463 2975 sicut
488 2900 639 2995 primum
665 2897 845 2972 canticum
870 2895 1040 2985 Andriae,
1069 2902 1105 2968 et
1130 2895 1229 2990 prior
1254 2918 1340 2992 pars
1367 2897 1677 2992 comprehenditur
1702 2900 1868 2975 uersibus
1894 2902 2005 2976 totius

368 3021 514 3095 fabulae
541 3025 754 3108 cto—520,
784 3017 844 3113 qui
870 3015 1042 3090 trochaici
1068 3023 1153 3090 sunt
1179 3060 1228 3072 -
1248 3022 1323 3090 tres
1343 3017 1528 3107 octonarii,
1550 3039 1643 3092 unus
1662 3019 1898 3114 septenarius,
1918 3022 2004 3096 item

369 3163 464 3215 nnus
497 3139 647 3214 dimeter
681 3136 913 3212 catalecticus
943 3177 1009 3225 -,
1037 3133 1215 3229 posterior
1239 3142 1368 3224 autem,
1397 3142 1586 3232 postquam
1612 3137 1827 3233 colloquium
1853 3140 2004 3215 interve·

368 3261 434 3350 nit,
469 3260 632 3334 uersibus
668 3262 882 3345 not-576,
919 3254 980 3350 qui
1016 3261 1099 3328 suut
1133 3254 1308 3328 octonarii
1340 3254 1495 3329 iambici.
1553 3255 1673 3332 Verba
1708 3266 1791 3333 sunt
1822 3258 2004 3357 Myrrinae

370 3388 563 3469 matronae,
599 3378 703 3473 cujus
737 3376 933 3450 orationem
966 3374 1035 3448 sihi
1066 3373 1242 3470 supplicis
1268 3374 1480 3470 Pamphilus
1505 3376 1542 3450 in
1569 3377 1709 3451 cantico
1736 3401 1803 3453 suo
1828 3402 1942 3476 nuper
1966 3381 2005 3455 in

369 3509 453 3575 actu
478 3498 662 3595 superiore
688 3495 819 3570 attulit.
873 3493 1040 3568 Matrona
1063 3493 1133 3567 hoc
1158 3493 1238 3568 loco
1265 3495 1388 3569 eadem
1415 3518 1558 3588 arcana,
1581 3519 1673 3593 qvae
1691 3499 1736 3573 ab
1755 3522 1799 3574 ea
1817 3499 2005 3596 Pamphilo

370 3619 563 3698 commissa
586 3617 697 3713 hujus
723 3614 902 3690 cauticum
928 3613 1190 3709 spectatoribus
1215 3614 1383 3710 prodidit,
1412 3639 1531 3689 coram
1557 3617 1616 3691 bis
1640 3619 1788 3715 attingit
1806 3628 1913 3717 atque
1932 3622 2006 3695 lon·

370 3740 455 3836 gius
489 3737 725 3834 persequitur,
762 3736 845 3810 dum
872 3734 917 3808 de
942 3733 1050 3807 anulo
1076 3732 1136 3806 hic
1161 3734 1295 3808 mentio
1321 3735 1472 3829 primum
1498 3736 1550 3827 fit,
1579 3760 1649 3834 quo
1674 3746 1802 3834 postea
1825 3741 1865 3814 in
1890 3741 2004 3837 digito

370 3859 564 3935 Bacchidis
595 3856 783 3952 recognito
809 3876 933 3928 omnes
959 3853 1071 3927 totius
1096 3853 1240 3927 fabulae
1266 3852 1498 3929 difficultates
1524 3857 1712 3952 expeditae
1737 3869 1852 3934 erunt.
1904 3859 2005 3951 Quas

370 3982 422 4054 ita
450 3979 589 4053 solutas
619 3999 701 4051 esse
728 3982 850 4049 narrat
875 3975 913 4047 iu
940 3995 1006 4048 sno
1033 3973 1173 4046 cantico
1200 3973 1365 4065 Bacchis,
1393 3997 1509 4070 neque
1534 3977 1691 4051 omnium
1716 3979 1861 4054 fabulae
1886 4002 2006 4077 perso

371 4122 496 4174 uarum
530 4099 653 4195 plures
686 4119 793 4192 quam
818 4104 894 4168 tres
919 4135 971 4148 -—·
996 4092 1164 4182 Bacchis,
1190 4091 1366 4192 Myrrina,
1393 4094 1605 4192 Pamphilus
1635 4139 1678 4152 -
1708 4121 1831 4172 verum
1857 4100 1910 4174 rei
1937 4109 2006 4175 sta·

371 4229 446 4295 tum
479 4218 717 4316 comperiunt:
754 4223 895 4290 ceterae
930 4201 1054 4288 omues
1085 4212 1130 4287 de
1162 4234 1205 4288 eo
1232 4214 1393 4288 celantur
1418 4215 1582 4290 consulto
1609 4224 1645 4291 et
1670 4219 1890 4294 celabuntur.
1945 4218 2007 4294 Sic

372 4363 452 4415 cum
487 4347 594 4435 poeta
626 4342 876 4434 argumentum
910 4333 1018 4429 hujus
1049 4333 1254 4408 comoediae
1285 4333 1490 4426 instituerit,
1518 4337 1643 4411 statuit
1669 4338 1775 4412 etiam
1801 4339 1848 4413 iis
1874 4340 2005 4428 scenis,

373 4460 503 4557 quibus
529 4458 669 4532 occulta
693 4455 867 4553 paulatim
892 4454 1112 4550 aperiuntur,
1145 4475 1215 4550 quo
1240 4454 1355 4549 major
1380 4477 1501 4530 earum
1527 4479 1716 4532 scenarum
1741 4459 1862 4534 uerbis
1887 4460 1945 4533 vis
1971 4467 2008 4533 et

373 4586 612 4676 spectatorum
639 4577 789 4653 attentio
815 4574 1101 4663 conciliarentur,
1128 4574 1280 4647 formam
1305 4575 1461 4651 tribuere
1480 4577 1622 4652 cantici.
1661 4578 1774 4674 Atqui
1790 4603 1836 4654 ex
1854 4580 1912 4654 bis
1933 4602 2007 4654 soe·

373 4701 441 4790 nis,
470 4699 599 4796 quibus
625 4698 697 4772 ista
722 4719 855 4771 arcana
881 4695 1118 4785 enuntiantur,
1146 4701 1230 4767 sunt
1251 4694 1358 4768 etiam
1378 4696 1469 4771 duae
1488 4698 1628 4789 breues,
1649 4721 1739 4795 quas
1757 4699 2005 4788 indicavimus,

373 4821 410 4894 in
446 4820 574 4916 quibus
610 4840 732 4892 secum
758 4817 836 4913 agit
862 4815 942 4891 sola
967 4813 1143 4913 Myrrina,
1171 4822 1208 4887 et
1234 4814 1376 4910 quidem
1401 4815 1449 4890 iis
1475 4816 1552 4913 agit
1577 4819 1708 4908 uerbis,
1735 4827 1776 4893 nt
1801 4819 1922 4893 nullae
1948 4842 2008 4894 uo

372 4949 430 5014 tae
457 4939 684 5014 necessariae
711 4936 842 5012 cantici
869 4935 953 5010 hnic
979 4933 1109 5009 desint.
1162 4932 1243 5007 Hae
1269 4932 1360 5010 duae
1386 4958 1516 5011 scenae
1537 4943 1635 5012 recte
1654 4937 1904 5014 inscribendae
1924 4948 2010 5014 sunt

378 5067 391 5137 1
424 5069 461 5135 et
488 5064 510 5136 3
538 5068 641 5135 actus
667 5058 729 5149 ai,
757 5057 947 5154 quinctus
972 5054 1140 5150 aptiore
1166 5053 1294 5150 incipit
1319 5055 1513 5130 secundum
1539 5056 1652 5132 libros
1674 5058 1829 5154 scriptos
1849 5067 1886 5132 et
1905 5080 2009 5156 argu·

374 5189 532 5256 mentum
559 5179 703 5270 Donati,
732 5178 794 5275 qvi
818 5177 887 5252 hoc
914 5176 993 5251 loco
1020 5174 1219 5251 Varronem
1246 5182 1427 5250 auctorem
1454 5175 1587 5251 laudat.
1642 5175 1715 5254 Sed
1736 5187 1855 5254 tamen
1878 5201 1951 5270 eas,
1973 5187 2009 5253 et

1817 5311 1856 5370 10
