4726 6270
914 526 1116 605 Qcoeotiome
1141 528 1358 596 Terentianae.
1860 531 1899 593 91

312 728 398 825 pulo
429 726 591 804 Romano
617 727 826 825 scriptorem
852 727 995 802 fabulae
1020 726 1189 825 palliatae
1216 726 1253 801 in
1281 749 1325 801 ea
1350 726 1469 826 aliqvo
1494 726 1599 802 modo
1624 726 1800 801 attulisse.
1854 725 1944 804 Gra·

310 849 392 924 vius
418 871 505 923 sane
532 848 723 945 qvodpiam
749 855 945 944 peccatum,
979 871 1051 922 non
1076 847 1125 938 id,
1154 847 1248 945 qvod
1274 846 1410 922 nullum
1437 846 1627 938 videretur,
1655 847 1847 923 Terentius
1873 847 1943 923 hoc

236 1065 241 1075 ⁸
311 970 391 1044 loco
426 968 463 1042 in
497 967 705 1044 adversario
732 968 879 1043 notavit.
933 969 1059 1064 Itaqve
1080 968 1163 1063 jure
1189 967 1376 1062 Bentlejus
1403 964 1552 1042 decesso
1577 966 1703 1062 rejecit
1729 974 1765 1041 et
1788 968 1880 1043 bene
1905 968 1943 1042 in

312 1090 391 1184 ejus
417 1090 517 1163 verbi
543 1089 624 1164 loco
650 1089 771 1185 posuit
797 1084 951 1181 dixisse,
977 1088 1072 1185 qvod
1094 1089 1171 1184 jam
1197 1094 1281 1162 ante
1306 1085 1516 1161 Perizonius
1542 1088 1745 1182 conjecerat
1764 1095 1800 1161 et
1817 1095 1944 1184 postea

312 1209 523 1305 approbavit
557 1208 808 1284 Ruhnkenius.
863 1207 936 1284 Sed
971 1217 1090 1283 cetera
1123 1207 1162 1282 in
1195 1208 1265 1282 hoc
1299 1229 1407 1280 versu
1438 1229 1542 1282 nemo
1575 1208 1766 1303 expedivit.
1820 1207 1944 1284 Credit

312 1329 407 1403 enim
433 1328 620 1424 Bentlejus
646 1352 669 1402 a
694 1328 827 1404 Luscio
853 1328 1008 1423 aliqvem
1034 1329 1072 1401 in
1098 1351 1209 1401 cavea
1229 1327 1344 1402 fuisse
1363 1327 1605 1418 constitutum,
1626 1328 1687 1424 qvi
1704 1327 1827 1424 populi
1844 1349 1943 1424 spec·

311 1448 423 1521 tantis
456 1449 600 1523 nomine
635 1470 715 1523 cum
749 1447 923 1521 histrione
956 1447 1068 1521 verba
1098 1448 1249 1521 iaceret:
1281 1447 1350 1522 hoc
1375 1447 1488 1543 igitur
1513 1447 1547 1522 ei
1572 1455 1699 1544 poetae
1725 1446 1813 1521 vitio
1839 1447 1942 1535 verti,

313 1568 407 1664 qvod
442 1567 612 1664 populum
643 1589 685 1641 eo
717 1566 822 1639 modo
848 1565 887 1639 in
913 1588 1058 1640 scenam
1083 1567 1262 1642 induxerit
1288 1590 1367 1640 curn
1394 1589 1498 1641 servo
1522 1566 1735 1661 loqventem.
1788 1566 1838 1640 At
1862 1567 1945 1661 ipsa

312 1688 433 1777 verba,
462 1711 553 1783 qvae
580 1710 600 1761 e
626 1709 737 1760 cavea
763 1685 859 1759 dicta
885 1693 1017 1776 essent,
1046 1686 1166 1782 qvalia
1190 1687 1343 1761 fuissent
1368 1685 1406 1758 in
1433 1709 1493 1760 ore
1519 1685 1699 1780 loqventis
1725 1707 1804 1759 cum
1823 1691 1944 1758 actore

314 1808 548 1903 spectatoris?
599 1804 690 1883 Cum
724 1805 783 1880 his
819 1806 950 1897 verbis,
986 1807 1024 1880 in
1050 1807 1178 1902 qvibus
1204 1805 1295 1879 nihil
1320 1805 1475 1879 correxit
1500 1804 1697 1900 Bentlejus,
1726 1805 1945 1900 comparavit

312 1949 456 2001 versum
483 1925 710 2002 Curculionis
737 1926 924 2001 Plautinae
951 1931 1041 2002 200:
1075 1923 1174 2002 Ce'do
1194 1921 1283 1999 milei
1302 1928 1430 2000 conte
1449 1920 1673 2016 odriebeleo,
1692 1930 1749 1999 eut
1766 1946 1833 2023 epo
1851 1946 1942 2000 sono

313 2046 484 2137 serviem,
510 2068 614 2141 qvem
641 2044 728 2120 dicit
754 2068 881 2120 servus
908 2045 1041 2119 domini
1066 2069 1186 2120 amore
1212 2043 1435 2135 insanientis,
1464 2051 1500 2118 et
1524 2043 1664 2118 initium
1690 2043 1788 2119 Pluti
1808 2044 1943 2119 Aristo

312 2166 485 2263 phaneae,
513 2166 574 2239 ubi
600 2188 723 2240 omnes
750 2165 837 2240 deos
864 2188 991 2240 servus
1017 2172 1177 2255 testatur,
1206 2188 1311 2261 qvam
1339 2165 1388 2240 sit
1406 2164 1594 2239 molestum
1614 2172 1762 2240 Λοῦλοο
1779 2171 1944 2262 γενέσθαι

313 2293 638 2382 παραφρονοῦντος
658 2283 852 2374 ὁεοπότους
873 2308 996 2359 verum
1016 2285 1050 2359 si
1067 2285 1259 2360 Terentius
1277 2285 1472 2359 inauditam
1489 2284 1528 2359 in
1544 2284 1668 2359 fabula
1687 2284 1828 2381 agenda
1845 2287 1943 2359 novi-

312 2413 421 2478 tatem
447 2402 582 2478 inimici
608 2402 815 2478 criminatus
843 2412 950 2495 esset,
978 2404 1050 2478 alio
1071 2405 1223 2501 qvodam
1243 2404 1346 2479 modo
1364 2403 1402 2478 id
1419 2403 1568 2479 fecisset
1584 2427 1700 2502 neqve
1718 2407 1828 2481 verba
1846 2430 1943 2503 repe-

312 2525 419 2599 tisset
444 2546 516 2598 non
542 2545 630 2597 sane
656 2524 838 2614 notabilia,
866 2523 1008 2600 etiamsi
1034 2524 1123 2599 haec
1149 2525 1230 2622 ipsa
1255 2525 1429 2600 Lavinius
1455 2525 1641 2600 tribuisset
1665 2525 1800 2600 homini
1823 2526 1867 2601 de
1888 2551 1942 2600 ca·

313 2667 382 2718 vea
407 2642 591 2732 clamanti3
619 2641 679 2716 hio
705 2665 790 2718 vero
814 2651 921 2739 poeta
946 2667 1018 2719 non
1045 2667 1167 2720 eorum
1192 2652 1288 2719 certe
1314 2646 1501 2719 verborum
1520 2667 1630 2719 causa
1649 2669 1794 2720 caveam
1811 2646 1850 2720 in
1869 2670 1943 2721 sce·

313 2787 396 2838 nam
421 2769 685 2838 commutasset.
739 2761 894 2839 Videtur
918 2773 1037 2839 autem
1063 2789 1086 2838 a
1111 2787 1215 2840 servo
1240 2764 1280 2838 in
1305 2787 1414 2840 scena
1439 2773 1570 2860 agente
1597 2773 1632 2839 et
1651 2774 1882 2863 spectatores,
1904 2775 1943 2842 ut

313 2883 364 2975 lit,
400 2884 603 2982 alloquente
638 2906 849 2980 responsum
884 2885 953 2960 sibi
989 2886 1108 2961 datum
1134 2885 1241 2960 facile
1266 2884 1356 2982 fingi
1381 2886 1556 2981 potuisse:
1585 2887 1878 2983 qvemadmodum
1904 2889 1942 2962 in

312 3004 463 3101 prologo
499 3001 732 3100 Captivorum
766 3012 878 3098 actor,
912 3014 1101 3103 postquam
1136 3006 1180 3081 de
1214 3013 1424 3102 argumento
1454 3006 1597 3080 fabulae
1622 3008 1791 3098 narravit,
1819 3016 1940 3103 rogat:

303 3123 389 3222 jem
423 3122 492 3201 boe
527 3123 681 3200 teretis?
716 3132 751 3198 et
785 3127 937 3222 primum
971 3126 1082 3217 addit,
1109 3126 1213 3221 qvasi
1239 3127 1427 3200 annuerint
1453 3134 1688 3222 spectatores:
1717 3132 1942 3227 optumumst,

314 3244 453 3335 deinde,
490 3245 588 3319 velut
618 3245 651 3319 si
678 3245 820 3342 qvidam
847 3246 1006 3343 negarit:
1033 3252 1144 3345 nepot
1167 3244 1289 3322 berete
1314 3268 1398 3322 cero
1427 3246 1489 3321 ille
1515 3247 1680 3340 ultumos,
1708 3256 1744 3322 et
1771 3272 1861 3344 qvae
1889 3272 1941 3323 se·

314 3371 468 3459 qvnntur
501 3363 650 3460 reliqva.
704 3365 795 3457 Qvis
828 3390 900 3441 non
932 3367 1030 3442 videt
1059 3390 1131 3441 non
1157 3367 1262 3442 modo
1287 3376 1410 3442 nutum
1438 3373 1474 3440 et
1499 3375 1673 3459 renutum,
1701 3369 1766 3443 sod
1792 3370 1942 3464 qvaeris

312 3483 424 3557 verba
457 3484 720 3580 spectatoribus
745 3486 797 3559 ita
822 3486 983 3583 potuisse
1009 3488 1054 3562 ab
1076 3487 1221 3583 jocante
1234 3486 1421 3561 bistrione
1446 3487 1648 3583 assignari?
1698 3488 1817 3586 Atqve
1842 3489 1880 3563 id
1908 3491 1940 3565 si

311 3603 349 3676 in
376 3603 559 3677 comoedia
585 3604 709 3679 Luscii
737 3605 791 3680 sic
818 3630 857 3682 se
883 3607 1017 3699 habuit,
1044 3607 1107 3682 illo
1133 3629 1260 3681 revera
1280 3605 1378 3701 fecit
1401 3627 1505 3681 serre
1531 3606 1691 3681 currenti
1717 3606 1754 3682 in
1778 3607 1838 3684 oio
1861 3606 1940 3685 Di·

311 3723 438 3799 ore'sse
453 3723 651 3824 populum;
678 3726 878 3801 sinautem
904 3750 1031 3825 reapse
1057 3734 1293 3824 spectatorem
1319 3750 1399 3801 cum
1425 3733 1545 3799 actore
1563 3726 1763 3823 loquentem
1783 3728 1939 3803 induxis·

312 3852 379 3934 set,
407 3864 479 3918 uon
505 3840 659 3938 dixisse,
686 3845 752 3920 sed
778 3844 954 3922 dicentem
973 3848 1148 3948 populum
1173 3847 1323 3923 fecisset
1335 3848 1382 3943 *).
1435 3847 1590 3943 Pergam
1615 3869 1709 3921 nunc
1734 3847 1781 3922 ad
1807 3856 1938 3937 cetera,

310 3964 344 4038 si
370 3964 517 4061 possim,
546 3965 766 4062 explicanda.
822 3966 946 4043 Servis
972 3991 1057 4042 num
1082 3967 1217 4043 Romae
1243 3968 1336 4042 inter
1363 3975 1582 4064 spectatores
1604 3968 1804 4042 fabularum
1826 3970 1939 4045 sceni-

310 4106 431 4157 carum
457 4082 559 4157 locus
586 4108 780 4162 concessus
810 4089 868 4178 sit,
896 4087 1114 4163 Ritsohelius
1127 4088 1184 4183 as)
1211 4110 1275 4162 suo
1297 4088 1379 4183 jure
1406 4086 1601 4177 addubitat,
1629 4095 1668 4162 ut
1689 4097 1818 4179 tamen,
1841 4092 1938 4164 testi·

310 4203 378 4277 bus
413 4204 595 4278 veteribus
629 4207 773 4299 auditis,
805 4208 874 4282 hoc
895 4209 1071 4303 judicium
1096 4208 1220 4282 faciat:
1257 4207 1479 4304 „legitimum
1505 4207 1647 4303 qvidem
1674 4218 1709 4283 et
1735 4210 1862 4305 qvavis
1888 4212 1938 4285 of·

310 4321 472 4397 tensione
499 4346 651 4398 vacuum
676 4326 721 4400 ad
749 4351 893 4402 caveam
920 4328 1054 4402 aditum
1081 4328 1197 4402 servis
1223 4351 1294 4403 non
1320 4329 1444 4418 fuisse,
1468 4327 1532 4402 sed
1555 4328 1704 4403 eundem
1721 4352 1790 4404 usu
1807 4337 1937 4420 tamen

311 4441 389 4516 sive
423 4443 574 4518 abusum
609 4445 727 4520 dicere
761 4448 941 4539 malueris,
975 4447 1174 4523 invaluisse
1208 4456 1314 4544 atqve
1344 4448 1383 4522 id
1408 4447 1573 4523 licentiae
1600 4449 1716 4523 servis
1742 4448 1937 4525 indulsisse

311 4562 552 4658 magistratus.
561 4569 580 4604 “
633 4564 747 4661 Cujus
783 4568 947 4644 licentiae
981 4569 1132 4643 maxime
1161 4568 1342 4643 luculenta
1367 4569 1571 4644 testimonia
1596 4569 1644 4643 ad
1669 4577 1828 4666 tempora
1852 4569 1938 4646 libe·

311 4703 372 4755 rae
397 4683 615 4781 reipublicae
640 4694 757 4762 aetate
783 4689 908 4764 Luscii
934 4688 1079 4763 Lacinii
1105 4695 1141 4763 et
1166 4688 1327 4763 Terentii
1351 4688 1521 4762 inferiora
1545 4689 1739 4784 pertinent3
1761 4697 1800 4765 ut
1818 4699 1937 4765 autem

411 4872 444 4948 *J
474 4872 698 4951 Comparandus
721 4884 767 4938 est
790 4877 926 4938 infinitivi
950 4896 1020 4940 usus
1043 4878 1107 4939 loco
1130 4877 1294 4938 Horatiano
1316 4876 1377 4938 Sat.
1399 4877 1423 4936 Ι.
1448 4881 1477 4937 2.
1501 4881 1552 4937 21.
1596 4879 1671 4937 Nam
1690 4887 1781 4954 peter
1800 4881 1858 4944 ille.
1883 4880 1936 4940 Te·

308 4976 386 5033 renti
412 4974 530 5036 Fabula
558 4995 639 5052 qoem
667 4983 804 5042 miserum
825 4989 918 5056 emoto
941 4985 1049 5044 simum
1066 4983 1176 5058 moute
1199 4980 1327 5052 Induat,
1351 5000 1409 5042 non
1433 4987 1493 5041 tam
1516 4982 1620 5042 misere
1641 4985 1740 5044 steteras
1760 4985 1936 5059 proponitur

308 5076 339 5136 in
361 5074 416 5137 hac
437 5076 548 5144 tabula.
572 5099 659 5156 qvam
680 5086 788 5145 oiemse
809 5091 956 5145 narratur.

410 5179 460 5256 **)
484 5181 640 5259 Purerpon
662 5203 690 5262 p.
716 5188 882 5249 ant-225
907 5193 936 5248 et
957 5187 1025 5248 XIX
1048 5204 1095 5265 sq.
