4726 6270
949 485 1170 552 Enuranus
1197 506 1218 551 n
1246 486 1420 553 Bausta.

674 681 737 759 Itu'
763 706 820 760 me
845 683 1015 760 miserum
1042 681 1261 776 restruendo,
1286 683 1478 762 retinendo

828 802 985 880 Lussrim
1011 801 1273 880 reddiderunt:

680 921 750 1002 Vix
776 926 827 1000 ex
850 922 1072 1022 protnldodo
1098 923 1213 999 miser
1239 923 1311 1000 ium
1339 924 1550 1001 eminebum.

674 1042 833 1121 Tandem
861 1044 941 1121 ooli
967 1042 1019 1120 od
1036 1045 1257 1145 praetorem.
1287 1043 1341 1122 iot
1364 1044 1431 1121 uie
1455 1044 1638 1144 requieti,

826 1163 936 1263 Repo
961 1162 1227 1264 synprupbrim:

827 1283 950 1361 Dotrir
974 1284 1042 1359 mi:
1069 1283 1156 1360 ilico

827 1403 928 1481 Dect
952 1402 1138 1504 Tyndaro.

672 1523 746 1601 Ille
775 1524 870 1601 eoin
894 1522 1046 1601 dorurim.
1065 1530 1264 1624 postquam
1292 1521 1335 1598 id
1359 1525 1525 1616 dumont,

519 1643 577 1720 Eo
599 1644 770 1744 protinus
797 1643 849 1721 od
867 1645 1040 1740 fratrem,
1065 1643 1140 1719 mei
1165 1643 1228 1720 nbi
1255 1643 1324 1719 o‘lt'i
1348 1650 1435 1720 sunt
1458 1643 1612 1744 captim:

518 1762 628 1861 liupo
656 1762 901 1841 Philocratem
929 1787 977 1838 ec
1003 1745 1109 1839 lore
1135 1763 1261 1861 ecquis
1286 1763 1403 1840 no'rit:
1429 1760 1491 1839 otc
1518 1762 1698 1863 exle'mplo

418 1943 425 1957 .
519 1884 729 1977 Euclo'mot,
757 1907 839 1960 esse
866 1908 944 1958 enm
971 1882 1044 1959 sibi
1068 1882 1251 1960 sodalem:
1278 1883 1359 1960 dieo
1387 1907 1467 1959 eum
1494 1907 1576 1959 esse
1602 1881 1704 1984 oprid
1727 1906 1793 1958 me.

519 2003 594 2081 Hic
620 2007 704 2082 oret
728 2007 981 2105 opsecru'tque,
1008 2027 1088 2078 enm
1113 2003 1187 2080 stoi
1213 2007 1255 2079 rit
1278 2003 1391 2080 licent
1415 2000 1557 2080 uidere.

518 2123 622 2200 Iussi
647 2123 732 2200 ilico
759 2122 854 2199 lonc
881 2123 1058 2199 exolnier.
1088 2121 1175 2198 inde
1200 2124 1289 2201 ooli.
1317 2147 1413 2200 nnnc
1440 2127 1674 2222 assequere,

524 2242 569 2322 Vr
592 2242 694 2344 qood
717 2267 774 2318 me
800 2243 956 2320 orurristt'
982 2243 1162 2343 impetres,
1189 2268 1269 2320 eum
1295 2242 1472 2321 hominem
1500 2245 1553 2328 nti
1579 2245 1789 2320 conuentus.
1804 2245 1840 2339 ⁴³)

364 2468 446 2542 Nun
474 2477 529 2542 est
556 2469 745 2542 canticum.
799 2467 893 2542 Nam
920 2489 1011 2563 qvae
1038 2467 1159 2563 Hegio
1186 2469 1362 2564 expromit
1388 2468 1433 2542 dc
1453 2468 1587 2565 gaudio
1607 2469 1678 2543 sibi
1697 2490 1716 2542 e
1735 2491 1773 2542 re
1791 2469 1883 2543 bene
1901 2476 2007 2564 gesta

364 2598 532 2686 perceptu
569 2598 604 2665 et
640 2590 683 2663 de
718 2589 900 2663 bominum
933 2588 1235 2685 gratulationibus
1267 2588 1382 2687 deqve
1409 2589 1575 2689 Tyndari
1600 2590 1639 2662 in
1665 2588 1807 2662 Elidem
1834 2587 2005 2661 missione

365 2717 401 2782 et
437 2710 716 2804 Aristophontis‚
754 2716 871 2782 mutae
906 2709 945 2782 in
977 2708 1046 2782 hac
1078 2732 1188 2783 scena
1214 2731 1401 2805 personae,
1430 2708 1609 2783 desiderio
1636 2708 1853 2783 Philocratis
1879 2730 2005 2782 conve-

365 2829 498 2916 niendi,
527 2830 616 2904 haec
643 2830 787 2903 minime
814 2837 899 2903 sunt
925 2829 1111 2924 ejusmodi,
1140 2837 1180 2902 ut
1205 2830 1431 2925 intelligatur
1449 2829 1625 2903 actionem
1645 2853 1688 2904 ea
1705 2828 2003 2924 pantomimicam,

364 2973 386 3022 a
412 2950 513 3024 vocis
540 2959 647 3024 cantu
673 2957 886 3046 separatam,
915 2950 1150 3046 reqvisivisse
1176 2958 1238 3023 aut
1263 2950 1468 3036 admisisse3
1498 2957 1533 3024 et
1559 2959 1745 3046 praeterea
1770 2947 2005 3044 Aristophon-

364 3078 446 3156 tem,
476 3094 580 3166 qvem
608 3092 729 3144 secum
755 3070 854 3145 ducit
880 3093 1001 3158 senex,
1030 3070 1087 3144 bis
1114 3071 1163 3164 (v.
1196 3071 1240 3145 14
1269 3077 1305 3142 et
1335 3071 1396 3163 16)
1416 3068 1531 3164 digito
1549 3076 1725 3142 monstrat
1742 3068 2004 3165 spectatoribus

364 3200 400 3263 et
432 3190 469 3262 in
496 3213 589 3263 vers
619 3189 757 3264 duobus
785 3190 921 3264 ultimis
947 3189 1157 3286 alloquitur3
1186 3189 1307 3285 qualia
1333 3211 1523 3283 numquam
1549 3189 1593 3278 is,
1623 3189 1683 3286 qvi
1710 3188 1888 3262 canticum
1914 3188 2002 3282 agit,

365 3309 429 3383 sed
456 3332 598 3405 semper
624 3333 744 3384 secum
773 3310 901 3385 omnia.
957 3309 1006 3384 At
1032 3332 1118 3383 vero
1145 3333 1216 3383 non
1244 3309 1323 3383 sine
1350 3332 1461 3384 cerusa
1487 3311 1598 3384 verba
1617 3309 1903 3383 modulatissima
1921 3317 2005 3381 sunt

364 3437 400 3502 et
418 3437 491 3502 tam
509 3429 609 3503 vario
627 3438 755 3503 metro:
775 3453 866 3525 qvae
885 3438 1097 3526 prosecutae
1117 3439 1200 3504 sunt
1217 3430 1338 3504 tibiae.
1378 3429 1521 3504 Etenim
1540 3430 1608 3504 bae
1627 3430 1834 3504 cecinerunt
1847 3429 1954 3503 etiam
1969 3438 2004 3501 et

364 3558 446 3624 ante
475 3558 510 3623 et
536 3557 619 3645 post
643 3550 712 3624 hoc
739 3549 950 3640 diverbium,
979 3550 1073 3647 qvod
1100 3549 1352 3646 interpositum
1378 3558 1436 3624 est
1461 3550 1554 3624 inter
1576 3550 1768 3647 soliloqvia
1787 3549 1950 3646 Ergasili
1969 3557 2005 3624 et

364 3669 540 3770 Tyndari,
578 3693 668 3766 qvae
703 3670 807 3745 ambo
844 3670 985 3744 cantica
1020 3693 1111 3761 esse,
1149 3669 1244 3767 qvod
1278 3669 1420 3765 utrique
1455 3693 1515 3744 ars
1541 3670 1794 3767 pantomimica
1819 3670 2004 3766 praeclare

363 3789 581 3879 convenerit,
618 3790 913 3864 asseveraverim.
953 3831 995 3842 —
1033 3788 1106 3864 Sed
1138 3789 1187 3878 id,
1225 3789 1319 3886 qvod
1346 3789 1384 3863 iu
1410 3790 1468 3865 his
1495 3791 1668 3866 diverbiis
1694 3790 1884 3880 Plautinis,
1913 3814 2005 3888 qvae

362 3933 435 3984 non
462 3910 541 3983 sine
567 3910 734 3985 tibiarum
760 3920 867 3984 cantu
894 3910 1078 3984 enuntiata
1104 3910 1269 3984 videntur
1289 3933 1382 4000 esse,
1403 3913 1727 4007 pronuntiationem
1746 3935 1914 3986 versuum
1934 3934 2004 3985 mo·

363 4029 573 4104 deluderem
600 4038 636 4105 et
662 4030 840 4104 actionem
866 4031 1076 4104 alacriorem
1104 4030 1211 4104 solito
1236 4030 1351 4104 fuisse
1375 4032 1506 4127 arguit,
1529 4043 1679 4106 metrum
1697 4031 1778 4106 dico
1797 4040 1832 4105 et
1850 4032 2003 4106 maxime

363 4150 500 4225 varium
527 4158 563 4224 et
588 4149 709 4224 melici
736 4151 865 4241 simile,
893 4149 930 4224 id
958 4150 1055 4245 sigui
1082 4173 1153 4223 non
1179 4151 1258 4246 pari
1284 4150 1388 4225 modo
1411 4151 1574 4226 Terentii
1597 4151 1770 4225 diverbiis
1789 4151 2003 4246 impressum

362 4270 623 4369 deprehendas:
662 4294 768 4368 qvam
803 4272 848 4345 ob
884 4293 959 4345 rem
985 4269 1175 4344 admodum
1201 4269 1349 4344 difficile
1376 4279 1432 4344 est
1458 4272 1629 4367 inhujus
1655 4279 1783 4367 poetae
1810 4269 2003 4345 comoediis

361 4391 523 4466 diverbia
549 4390 595 4465 ad
620 4390 730 4465 tibias
756 4390 939 4466 modulata
964 4412 1173 4486 agnoscere,
1202 4414 1294 4487 qvae
1320 4399 1440 4465 tamen
1466 4414 1512 4465 ne
1538 4391 1613 4465 illis
1639 4390 1782 4486 qvioem
1809 4391 1950 4465 desunt.

464 4510 642 4602 Quoniam
670 4511 862 4586 etiamnum
889 4509 927 4584 id
953 4511 1107 4605 agimus,
1135 4517 1185 4600 ut,
1213 4511 1413 4606 cujusmodi
1439 4511 1530 4585 locis
1550 4510 1589 4584 iu
1608 4510 1809 4585 actionibus
1830 4509 2003 4585 comoedi·

361 4654 461 4707 arum
496 4632 607 4707 tibiae
643 4632 787 4707 auditae
818 4632 901 4722 sint,
930 4631 1140 4720 indicemus,
1169 4638 1205 4705 et
1231 4631 1276 4705 de
1302 4631 1426 4705 ultimo
1452 4629 1525 4704 fine
1551 4631 1752 4706 fabularum
1778 4638 1814 4705 et
1840 4631 2003 4726 deipsis

361 4752 474 4827 initiis
507 4751 661 4826 actionis
696 4751 795 4847 loqvi
829 4758 980 4849 oportet,
1016 4773 1229 4848 quamquam
1264 4773 1335 4825 non
1363 4751 1442 4838 erit,
1470 4750 1565 4848 qvod
1591 4750 1742 4847 posthac
1768 4751 1814 4825 ad
1841 4752 2003 4826 Terentii

360 4873 501 4948 fabulas
537 4873 651 4946 oratio
687 4873 810 4948 eodem
845 4879 1056 4962 revertatur,
1093 4871 1177 4966 qvia
1211 4893 1278 4944 nec
1310 4869 1394 4943 hinc
1421 4893 1488 4945 nec
1513 4870 1615 4946 illinc
1640 4871 1777 4968 aliqvid
1803 4872 2000 4968 proveniet,

463 5151 494 5226 *t
520 5151 564 5209 Ex
587 5149 717 5210 editione
740 5150 841 5210 Brixii.
